Shipment ID,Sales Person,Geography,Product,Sales,Status,Delivered On,Date
1,Catherine Roberts,Germany,Headphones,250.54,Completed,9/14/2022,9/4/2022
2,Jeffrey Sims,Germany,Webcam,128.38,Completed,4/9/2024,3/30/2024
3,Gabriel Vasquez,Canada,Speaker,947.93,Completed,9/24/2023,9/22/2023
4,Debra Hughes,Japan,Mouse,429.34,Completed,7/31/2023,7/13/2023
5,Stacey Brown,Canada,Tablet,470.15,Completed,8/21/2023,8/19/2023
6,Michelle Garrett,Germany,Keyboard,389.01,Completed,8/19/2022,8/9/2022
7,Stacey Brown,Germany,Tablet,626.25,Completed,3/19/2024,3/9/2024
8,Justin Bowman,China,Keyboard,787.66,Active,NULL,2/3/2023
9,Candace Harris,Canada,Headphones,562.1,Completed,12/21/2023,12/19/2023
10,Laurie Figueroa,Japan,Smartphone,898.12,Completed,2/3/2023,1/16/2023
11,Candace Harris,India,Smartphone,566.63,Active,NULL,4/21/2023
12,Laurie Figueroa,Germany,Tablet,160.56,Active,NULL,7/19/2023
13,Brandon Richards,Australia,Headphones,331.93,Completed,7/15/2023,6/25/2023
14,Justin Bowman,Japan,Webcam,105.89,Completed,3/26/2024,3/8/2024
15,Jeffrey Rivera,China,Laptop,879.3,Completed,7/5/2023,6/20/2023
16,James Moore,France,Monitor,269.26,Completed,12/3/2022,11/27/2022
17,Stacey Brown,USA,Monitor,149.02,Active,NULL,5/11/2024
18,James Moore,Canada,Speaker,814.73,Completed,11/28/2022,11/26/2022
19,Catherine Roberts,Germany,Tablet,147.74,Active,NULL,10/9/2023
20,Gabriel Vasquez,India,Printer,210.08,Completed,7/29/2024,7/17/2024
21,Catherine Roberts,France,Smartphone,293.26,Completed,4/22/2023,4/16/2023
22,Kevin King,Canada,Headphones,868.76,Completed,7/24/2024,7/22/2024
23,Catherine Roberts,UK,Webcam,725.55,Completed,10/25/2022,10/17/2022
24,Catherine Roberts,Australia,Laptop,276.37,Completed,2/26/2024,2/6/2024
25,Cynthia Herman,Japan,Speaker,247.57,Completed,11/2/2022,10/15/2022
26,Brandon Richards,France,Mouse,842.71,Completed,2/13/2024,2/7/2024
27,Gabriel Vasquez,Australia,Smartphone,347.49,Completed,11/12/2023,10/23/2023
28,Jeffrey Sims,Australia,Mouse,896.82,Active,NULL,1/11/2024
29,Brandon Richards,Canada,Monitor,565.31,Completed,4/12/2023,4/10/2023
30,Jeffery Mills,Japan,Monitor,349.22,Completed,5/27/2024,5/9/2024
31,Kevin King,India,Printer,888.21,Completed,8/13/2024,8/1/2024
32,James Moore,UK,Tablet,620.18,Completed,5/26/2023,5/18/2023
33,Kevin King,Canada,Laptop,119.34,Active,NULL,12/10/2022
34,Justin Bowman,China,Keyboard,919.49,Active,NULL,4/5/2023
35,Jeffrey Rivera,Germany,Laptop,910.93,Completed,7/18/2024,7/8/2024
36,Michelle Garrett,Japan,Headphones,890.12,Completed,8/25/2023,8/7/2023
37,Jessica White,France,Tablet,590.13,Completed,8/9/2024,8/3/2024
38,Catherine Roberts,Brazil,Laptop,304.66,Completed,9/19/2022,9/15/2022
39,James Moore,USA,Tablet,718.37,Active,NULL,9/23/2022
40,Sandra Henderson,USA,Mouse,329.12,Completed,5/1/2024,4/30/2024
41,Kayla Banks,UK,Laptop,241.12,Completed,4/28/2024,4/20/2024
42,Jeffrey Sims,China,Printer,556.27,Active,NULL,9/17/2022
43,Kevin King,Germany,Laptop,862,Completed,11/17/2023,11/7/2023
44,Stacey Brown,UK,Printer,408.63,Completed,2/27/2023,2/19/2023
45,Cynthia Herman,Japan,Headphones,396.62,Completed,5/17/2023,4/29/2023
46,Jeffery Mills,Canada,Smartphone,454.59,Completed,2/4/2024,2/2/2024
47,Cynthia Herman,Japan,Tablet,706.62,Active,NULL,1/11/2024
48,Jeffrey Rivera,India,Speaker,662.28,Active,NULL,1/3/2024
49,Justin Bowman,China,Keyboard,258.49,Completed,4/13/2023,3/29/2023
50,Michelle Garrett,Canada,Mouse,160.55,Active,NULL,3/14/2023
51,Laurie Figueroa,Brazil,Webcam,151.43,Completed,9/9/2022,9/5/2022
52,Bonnie Lucero,USA,Laptop,778.14,Active,NULL,3/25/2024
53,Erin Arnold,Japan,Webcam,364.91,Completed,1/27/2024,1/9/2024
54,Sandra Henderson,Germany,Webcam,855.72,Active,NULL,10/17/2023
55,Stacey Brown,Brazil,Headphones,904.37,Completed,8/29/2022,8/25/2022
56,Stacey Brown,USA,Printer,120.27,Completed,8/14/2023,8/13/2023
57,Kayla Banks,Australia,Printer,881.01,Completed,1/2/2024,12/13/2023
58,Candace Harris,France,Laptop,735.54,Completed,9/9/2023,9/3/2023
59,Justin Bowman,China,Smartphone,676.67,Completed,6/16/2023,6/1/2023
60,Brandon Richards,India,Webcam,363.97,Completed,4/8/2023,3/27/2023
61,Gabriel Vasquez,Canada,Webcam,103.35,Completed,1/1/2023,12/30/2022
62,Laurie Figueroa,USA,Tablet,418.57,Completed,6/3/2024,6/2/2024
63,Kayla Banks,Brazil,Tablet,645.64,Active,NULL,7/10/2023
64,Sandra Henderson,UK,Webcam,921.68,Completed,9/18/2022,9/10/2022
65,Debra Hughes,France,Keyboard,884.2,Active,NULL,8/23/2023
66,Catherine Roberts,Canada,Webcam,396.68,Completed,8/4/2024,8/2/2024
67,Cynthia Herman,China,Webcam,510.05,Completed,1/28/2024,1/13/2024
68,Erin Arnold,Japan,Smartphone,234.33,Completed,4/28/2024,4/10/2024
69,Jeffrey Rivera,Germany,Keyboard,797.01,Completed,1/23/2023,1/13/2023
70,Laurie Figueroa,Brazil,Smartphone,660.73,Completed,8/19/2022,8/15/2022
71,Stacey Brown,Japan,Monitor,837.92,Completed,1/13/2023,12/26/2022
72,Laurie Figueroa,India,Keyboard,167,Completed,6/2/2024,5/21/2024
73,Erin Arnold,France,Monitor,441.41,Active,NULL,3/6/2024
74,James Moore,USA,Keyboard,232.86,Active,NULL,5/29/2024
75,Jeffrey Sims,Canada,Speaker,397.9,Returned,NULL,10/27/2022
76,James Moore,Japan,Headphones,997.9,Completed,9/11/2023,8/24/2023
77,Kevin King,China,Speaker,852.99,Returned,NULL,9/18/2022
78,Gabriel Vasquez,Japan,Monitor,964.31,Active,NULL,8/3/2023
79,Cynthia Herman,Germany,Printer,752.31,Active,NULL,8/27/2023
80,Michelle Garrett,Germany,Speaker,234.04,Returned,NULL,5/23/2023
81,Jessica White,Australia,Speaker,655.47,Returned,NULL,2/23/2023
82,Kayla Banks,Australia,Tablet,995.85,Completed,2/9/2023,1/20/2023
83,Kayla Banks,Japan,Mouse,140.73,Active,NULL,7/5/2023
84,Michelle Garrett,China,Webcam,542.28,Completed,4/25/2024,4/10/2024
85,Gabriel Vasquez,Japan,Headphones,212.92,Completed,8/25/2022,8/7/2022
86,Laurie Figueroa,USA,Smartphone,606.45,Completed,8/8/2023,8/7/2023
87,Jeffrey Rivera,Australia,Smartphone,179.86,Active,NULL,2/2/2024
88,Jeffrey Rivera,USA,Webcam,557.65,Completed,2/9/2023,2/8/2023
89,Erin Arnold,India,Monitor,338.54,Returned,NULL,2/14/2024
90,James Moore,Brazil,Speaker,699.85,Completed,4/12/2023,4/8/2023
91,Kayla Banks,India,Keyboard,660.5,Active,NULL,8/4/2024
92,Jeffrey Sims,China,Printer,499.5,Completed,10/2/2023,9/17/2023
93,Laurie Figueroa,India,Mouse,436.5,Active,NULL,2/14/2023
94,Jessica White,Australia,Laptop,325.81,Completed,5/2/2023,4/12/2023
95,Catherine Roberts,UK,Monitor,286.43,Completed,3/21/2024,3/13/2024
96,Jeffrey Sims,Germany,Laptop,907.56,Completed,8/29/2022,8/19/2022
97,Catherine Roberts,Brazil,Monitor,351.54,Completed,3/4/2024,2/29/2024
98,Jessica White,Germany,Mouse,662.57,Completed,10/29/2022,10/19/2022
99,Jeffrey Sims,Australia,Printer,630.27,Completed,12/27/2022,12/7/2022
100,Debra Hughes,USA,Smartphone,481.02,Active,NULL,5/24/2024
101,Debra Hughes,Germany,Monitor,377.58,Completed,7/25/2024,7/15/2024
102,Erin Arnold,Brazil,Monitor,781.12,Completed,4/12/2023,4/8/2023
103,Jeffery Mills,USA,Smartphone,482.04,Active,NULL,12/25/2022
104,Jeffrey Rivera,USA,Mouse,503.15,Active,NULL,8/21/2022
105,Cynthia Herman,India,Speaker,396.04,Completed,9/12/2022,8/31/2022
106,James Moore,Japan,Printer,768.08,Completed,1/24/2024,1/6/2024
107,Jeffrey Rivera,Japan,Speaker,900.14,Completed,4/10/2023,3/23/2023
108,Candace Harris,USA,Monitor,484.1,Completed,11/27/2023,11/26/2023
109,Jessica White,Australia,Laptop,966.68,Active,NULL,11/30/2022
110,Jeffrey Sims,France,Smartphone,461.1,Completed,12/1/2023,11/25/2023
111,Brandon Richards,UK,Tablet,734.92,Completed,5/28/2024,5/20/2024
112,Kevin King,Germany,Mouse,494.61,Active,NULL,10/13/2022
113,Justin Bowman,Japan,Monitor,362.64,Completed,1/24/2023,1/6/2023
114,James Moore,Japan,Monitor,281.17,Completed,8/3/2024,7/16/2024
115,Michelle Garrett,Canada,Tablet,461.94,Completed,8/21/2022,8/19/2022
116,Bonnie Lucero,Japan,Smartphone,188.7,Active,NULL,3/28/2023
117,Michelle Garrett,Australia,Headphones,275.02,Active,NULL,1/8/2024
118,Bonnie Lucero,Germany,Tablet,122.98,Completed,4/13/2023,4/3/2023
119,Justin Bowman,France,Laptop,547.5,Active,NULL,1/30/2024
120,Sandra Henderson,Brazil,Smartphone,650.42,Completed,5/27/2024,5/23/2024
121,Stacey Brown,UK,Printer,362.44,Completed,12/10/2023,12/2/2023
122,Candace Harris,France,Webcam,169.43,Completed,1/19/2023,1/13/2023
123,Michelle Garrett,Germany,Laptop,469.35,Active,NULL,10/30/2022
124,Candace Harris,India,Printer,683.42,Completed,7/30/2023,7/18/2023
125,Kayla Banks,Germany,Tablet,969.36,Completed,9/2/2023,8/23/2023
126,Debra Hughes,Australia,Keyboard,359.9,Completed,2/9/2023,1/20/2023
127,Sandra Henderson,Germany,Tablet,589.53,Completed,8/30/2023,8/20/2023
128,Kayla Banks,Germany,Monitor,699.48,Active,NULL,4/14/2023
129,Justin Bowman,UK,Printer,518.8,Completed,3/1/2024,2/22/2024
130,Jeffery Mills,India,Laptop,742.62,Completed,6/21/2023,6/9/2023
131,Brandon Richards,Germany,Headphones,169.49,Completed,12/6/2022,11/26/2022
132,Justin Bowman,Canada,Monitor,826.67,Completed,5/1/2023,4/29/2023
133,Jessica White,Brazil,Printer,564.45,Active,NULL,8/25/2022
134,Candace Harris,Canada,Laptop,143.66,Completed,3/14/2023,3/12/2023
135,Stacey Brown,Canada,Smartphone,113.87,Completed,12/23/2022,12/21/2022
136,Kevin King,Brazil,Monitor,352.41,Completed,4/18/2023,4/14/2023
137,James Moore,Japan,Speaker,994.61,Active,NULL,10/23/2023
138,Jessica White,Canada,Printer,970.82,Completed,10/29/2022,10/27/2022
139,Jeffrey Sims,China,Laptop,543.19,Completed,12/5/2022,11/20/2022
140,Brandon Richards,Germany,Tablet,777.64,Active,NULL,2/5/2023
141,Laurie Figueroa,China,Speaker,904.1,Completed,5/2/2023,4/17/2023
142,Jeffrey Rivera,Brazil,Speaker,628.76,Completed,8/22/2022,8/18/2022
143,Stacey Brown,Australia,Monitor,197.07,Active,NULL,12/17/2022
144,Stacey Brown,USA,Webcam,426.59,Active,NULL,8/8/2022
145,Candace Harris,China,Mouse,840.97,Completed,3/9/2024,2/23/2024
146,Gabriel Vasquez,China,Monitor,346.93,Completed,8/9/2024,7/25/2024
147,Gabriel Vasquez,India,Webcam,215.59,Active,NULL,8/19/2022
148,Michelle Garrett,UK,Tablet,324.99,Completed,2/23/2024,2/15/2024
149,Kevin King,France,Tablet,553.86,Active,NULL,4/15/2023
150,James Moore,Canada,Keyboard,212.37,Completed,10/11/2023,10/9/2023
151,Kayla Banks,Australia,Mouse,364.93,Completed,1/13/2023,12/24/2022
152,Erin Arnold,France,Keyboard,610.61,Active,NULL,12/19/2023
153,Jeffery Mills,Japan,Headphones,809.77,Completed,4/8/2023,3/21/2023
154,Jessica White,Australia,Webcam,568.16,Completed,8/17/2023,7/28/2023
155,James Moore,Brazil,Smartphone,374.84,Completed,1/25/2024,1/21/2024
156,Justin Bowman,France,Keyboard,301.39,Completed,4/1/2023,3/26/2023
157,Debra Hughes,India,Tablet,538.02,Active,NULL,2/14/2024
158,Michelle Garrett,France,Headphones,563.17,Completed,12/9/2023,12/3/2023
159,Michelle Garrett,Brazil,Smartphone,485.3,Completed,3/9/2024,3/5/2024
160,Brandon Richards,Australia,Mouse,155.96,Completed,3/1/2024,2/10/2024
161,Gabriel Vasquez,Canada,Mouse,107.89,Completed,4/7/2023,4/5/2023
162,Jessica White,Germany,Printer,830.03,Active,NULL,2/15/2024
163,Debra Hughes,Canada,Speaker,736.84,Completed,1/30/2023,1/28/2023
164,Jessica White,Australia,Webcam,134.74,Active,NULL,8/30/2023
165,Candace Harris,Japan,Smartphone,745.88,Active,NULL,8/1/2024
166,Jessica White,UK,Headphones,727.05,Active,NULL,10/29/2023
167,Kevin King,Brazil,Keyboard,880.27,Completed,9/16/2022,9/12/2022
168,Jeffery Mills,China,Smartphone,125.95,Active,NULL,10/12/2023
169,Jeffrey Rivera,Japan,Printer,546.85,Completed,3/1/2023,2/11/2023
170,Gabriel Vasquez,Canada,Speaker,336.1,Completed,12/15/2023,12/13/2023
171,Justin Bowman,UK,Webcam,213,Active,NULL,6/3/2024
172,Erin Arnold,Australia,Webcam,306.48,Active,NULL,9/29/2022
173,Kayla Banks,Japan,Mouse,653.18,Completed,11/27/2023,11/9/2023
174,Michelle Garrett,India,Keyboard,502.16,Completed,1/1/2023,12/20/2022
175,Erin Arnold,China,Headphones,366.3,Completed,8/10/2023,7/26/2023
176,James Moore,UK,Webcam,933.31,Completed,9/16/2023,9/8/2023
177,Erin Arnold,China,Speaker,304.03,Completed,10/14/2022,9/29/2022
178,Catherine Roberts,Australia,Keyboard,835.57,Active,NULL,8/27/2023
179,Cynthia Herman,Australia,Smartphone,934.01,Completed,8/31/2022,8/11/2022
180,James Moore,Germany,Monitor,200.43,Completed,7/17/2024,7/7/2024
181,Kayla Banks,Germany,Printer,910.58,Completed,3/28/2024,3/18/2024
182,Gabriel Vasquez,Australia,Headphones,813.44,Completed,4/18/2023,3/29/2023
183,Michelle Garrett,USA,Laptop,992.22,Completed,3/30/2024,3/29/2024
184,Stacey Brown,USA,Laptop,240.56,Active,NULL,12/9/2022
185,Justin Bowman,India,Webcam,421.68,Active,NULL,11/13/2022
186,Laurie Figueroa,Canada,Smartphone,337.25,Completed,12/22/2023,12/20/2023
187,Gabriel Vasquez,India,Smartphone,234.04,Completed,1/27/2023,1/15/2023
188,James Moore,India,Tablet,994.61,Active,NULL,7/27/2023
189,Jessica White,UK,Tablet,417.28,Completed,8/11/2023,8/3/2023
190,Brandon Richards,Japan,Monitor,156.22,Active,NULL,1/10/2024
191,Cynthia Herman,Australia,Mouse,965.88,Completed,12/23/2023,12/3/2023
192,Brandon Richards,Australia,Speaker,165.41,Completed,11/22/2023,11/2/2023
193,James Moore,China,Webcam,183.5,Completed,9/26/2023,9/11/2023
194,Sandra Henderson,India,Smartphone,211.8,Completed,3/3/2023,2/19/2023
195,Bonnie Lucero,India,Keyboard,308.09,Completed,5/4/2024,4/22/2024
196,Justin Bowman,Japan,Laptop,598.25,Completed,10/20/2022,10/2/2022
197,Brandon Richards,Germany,Smartphone,815.66,Completed,6/26/2024,6/16/2024
198,James Moore,India,Webcam,909.89,Completed,4/18/2024,4/6/2024
199,Jeffrey Sims,France,Headphones,123.96,Completed,4/6/2023,3/31/2023
200,Sandra Henderson,India,Speaker,486.01,Completed,4/26/2024,4/14/2024
201,Erin Arnold,Australia,Mouse,567.11,Active,NULL,8/26/2023
202,Kayla Banks,Germany,Monitor,625.93,Completed,3/21/2023,3/11/2023
203,Erin Arnold,Brazil,Tablet,219.66,Completed,10/26/2023,10/22/2023
204,Jeffrey Sims,USA,Webcam,314.77,Completed,3/21/2023,3/20/2023
205,Michelle Garrett,France,Webcam,443.35,Completed,1/22/2023,1/16/2023
206,Bonnie Lucero,Germany,Monitor,727.79,Completed,10/5/2022,9/25/2022
207,Kevin King,India,Mouse,751.59,Active,NULL,7/2/2023
208,Stacey Brown,UK,Keyboard,218.56,Completed,9/23/2023,9/15/2023
209,Catherine Roberts,China,Printer,788.86,Completed,6/21/2023,6/6/2023
210,Kevin King,Australia,Smartphone,617.6,Completed,10/10/2022,9/20/2022
211,James Moore,Japan,Monitor,786.04,Active,NULL,8/21/2023
212,Gabriel Vasquez,Canada,Smartphone,251.73,Completed,3/30/2024,3/28/2024
213,Cynthia Herman,Brazil,Mouse,538.59,Completed,5/20/2024,5/16/2024
214,Jeffrey Rivera,Japan,Tablet,759.21,Completed,6/27/2023,6/9/2023
215,Jessica White,Brazil,Monitor,826.97,Completed,6/1/2023,5/28/2023
216,Justin Bowman,Brazil,Tablet,724.98,Completed,7/23/2024,7/19/2024
217,Debra Hughes,USA,Mouse,875.7,Completed,8/19/2022,8/18/2022
218,Erin Arnold,Australia,Keyboard,424.58,Active,NULL,1/26/2024
219,Jeffrey Sims,USA,Monitor,323.12,Active,NULL,9/4/2022
220,Kevin King,Japan,Monitor,228.5,Completed,3/11/2024,2/22/2024
221,Jessica White,India,Printer,927.28,Active,NULL,5/9/2024
222,Erin Arnold,India,Headphones,380.24,Completed,9/4/2022,8/23/2022
223,Catherine Roberts,Germany,Printer,298.2,Completed,4/20/2024,4/10/2024
224,Jeffrey Sims,UK,Keyboard,920.83,Active,NULL,8/15/2022
225,Catherine Roberts,Australia,Speaker,480.2,Active,NULL,10/15/2022
226,Bonnie Lucero,Brazil,Headphones,196.64,Completed,4/29/2023,4/25/2023
227,Debra Hughes,USA,Webcam,819.87,Active,NULL,10/16/2023
228,Debra Hughes,Australia,Mouse,631.54,Completed,9/19/2022,8/30/2022
229,Kevin King,UK,Laptop,675.09,Completed,2/1/2024,1/24/2024
230,Justin Bowman,UK,Webcam,226.83,Completed,8/5/2023,7/28/2023
231,Justin Bowman,India,Mouse,243.48,Completed,10/8/2022,9/26/2022
232,Michelle Garrett,Canada,Keyboard,305.49,Completed,9/17/2022,9/15/2022
233,Debra Hughes,India,Headphones,237.48,Active,NULL,2/22/2023
234,Michelle Garrett,Australia,Tablet,760.02,Active,NULL,3/7/2024
235,Jeffrey Rivera,Canada,Tablet,394.66,Completed,5/26/2024,5/24/2024
236,Jessica White,Japan,Monitor,900.69,Completed,9/6/2023,8/19/2023
237,Sandra Henderson,India,Webcam,629.2,Active,NULL,8/20/2022
238,James Moore,UK,Webcam,425.94,Completed,10/10/2023,10/2/2023
239,Jeffrey Rivera,Germany,Printer,185.36,Active,NULL,5/24/2024
240,Kevin King,Germany,Keyboard,745.42,Completed,8/3/2024,7/24/2024
241,Laurie Figueroa,India,Webcam,573.99,Completed,11/5/2022,10/24/2022
242,Debra Hughes,USA,Speaker,758.33,Active,NULL,8/9/2023
243,Kayla Banks,Australia,Monitor,500.86,Active,NULL,6/24/2024
244,Candace Harris,USA,Speaker,297.28,Completed,6/28/2024,6/27/2024
245,Jeffery Mills,China,Mouse,702.18,Active,NULL,2/16/2023
246,Debra Hughes,France,Printer,324.49,Completed,11/11/2023,11/5/2023
247,Jeffery Mills,UK,Mouse,176.84,Active,NULL,2/9/2023
248,Stacey Brown,Canada,Mouse,381.15,Active,NULL,11/3/2023
249,Erin Arnold,Brazil,Webcam,166.87,Completed,4/27/2024,4/23/2024
250,James Moore,France,Printer,641.44,Completed,9/15/2022,9/9/2022
251,Brandon Richards,Brazil,Mouse,618.22,Completed,11/8/2023,11/4/2023
252,Kayla Banks,India,Keyboard,395.82,Completed,10/15/2023,10/3/2023
253,Cynthia Herman,Japan,Mouse,391.02,Active,NULL,7/21/2024
254,Debra Hughes,Australia,Smartphone,672.83,Active,NULL,1/21/2023
255,Erin Arnold,UK,Webcam,317.67,Active,NULL,5/20/2023
256,Michelle Garrett,China,Webcam,515.89,Active,NULL,9/10/2022
257,Kayla Banks,China,Printer,553,Completed,6/29/2023,6/14/2023
258,James Moore,India,Keyboard,347.25,Active,NULL,8/17/2022
259,Stacey Brown,Japan,Keyboard,925.64,Completed,1/8/2024,12/21/2023
260,Candace Harris,India,Speaker,170.92,Active,NULL,9/12/2023
261,Candace Harris,Germany,Keyboard,400.9,Completed,11/26/2022,11/16/2022
262,Jeffrey Sims,Brazil,Smartphone,417.77,Active,NULL,1/23/2024
263,James Moore,UK,Printer,682.36,Active,NULL,9/1/2023
264,Cynthia Herman,UK,Smartphone,915.62,Completed,9/7/2023,8/30/2023
265,Cynthia Herman,Japan,Speaker,182.58,Completed,7/21/2024,7/3/2024
266,Stacey Brown,Australia,Printer,591.42,Active,NULL,1/25/2024
267,Jeffrey Rivera,Japan,Monitor,293.39,Completed,6/16/2024,5/29/2024
268,Jeffrey Sims,USA,Webcam,102.29,Completed,8/4/2024,8/3/2024
269,Laurie Figueroa,India,Laptop,872.5,Active,NULL,6/29/2023
270,Debra Hughes,UK,Mouse,455.63,Completed,10/23/2023,10/15/2023
271,Justin Bowman,China,Speaker,486.48,Active,NULL,4/14/2023
272,Candace Harris,Japan,Tablet,971.61,Completed,1/25/2023,1/7/2023
273,Candace Harris,Australia,Speaker,845.06,Completed,12/24/2022,12/4/2022
274,James Moore,Australia,Smartphone,511.96,Completed,5/1/2023,4/11/2023
275,Sandra Henderson,China,Keyboard,951.05,Completed,12/14/2023,11/29/2023
276,Jeffrey Sims,France,Webcam,293.19,Completed,11/30/2023,11/24/2023
277,Kevin King,UK,Mouse,856.22,Completed,8/24/2023,8/16/2023
278,Jeffery Mills,Canada,Keyboard,211.55,Completed,5/16/2024,5/14/2024
279,Catherine Roberts,Brazil,Mouse,547.75,Completed,2/28/2024,2/24/2024
280,Jessica White,France,Monitor,989.65,Completed,11/19/2022,11/13/2022
281,Justin Bowman,China,Smartphone,705.91,Completed,8/12/2024,7/28/2024
282,Laurie Figueroa,USA,Speaker,308.38,Active,NULL,9/5/2022
283,Sandra Henderson,India,Webcam,636.41,Completed,5/5/2023,4/23/2023
284,James Moore,China,Webcam,692.1,Completed,8/10/2024,7/26/2024
285,Michelle Garrett,India,Speaker,768.66,Completed,4/15/2023,4/3/2023
286,James Moore,Japan,Tablet,230.04,Completed,12/14/2022,11/26/2022
287,Gabriel Vasquez,China,Laptop,689.99,Completed,11/18/2022,11/3/2022
288,Jessica White,France,Speaker,575.74,Completed,12/3/2022,11/27/2022
289,Jessica White,Canada,Headphones,517.74,Completed,9/16/2022,9/14/2022
290,Michelle Garrett,USA,Speaker,136.77,Completed,11/7/2022,11/6/2022
291,Jessica White,UK,Printer,344.72,Completed,1/27/2023,1/19/2023
292,Debra Hughes,Canada,Printer,330.92,Completed,6/13/2023,6/11/2023
293,Brandon Richards,France,Keyboard,868.64,Active,NULL,8/26/2022
294,Jessica White,India,Smartphone,808.16,Active,NULL,12/12/2022
295,Jeffrey Rivera,USA,Printer,511.73,Completed,1/11/2024,1/10/2024
296,Erin Arnold,UK,Printer,557.68,Active,NULL,2/24/2023
297,Debra Hughes,Japan,Speaker,599.8,Active,NULL,1/4/2023
298,Stacey Brown,Germany,Speaker,716.44,Completed,10/2/2022,9/22/2022
299,Debra Hughes,Brazil,Webcam,975.07,Completed,4/23/2023,4/19/2023
300,Jeffery Mills,India,Headphones,274.02,Active,NULL,7/1/2023
301,Erin Arnold,Australia,Printer,166.38,Completed,10/6/2022,9/16/2022
302,Candace Harris,India,Keyboard,345.3,Completed,6/24/2023,6/12/2023
303,Michelle Garrett,China,Printer,851.13,Completed,10/28/2023,10/13/2023
304,Laurie Figueroa,France,Speaker,762.26,Active,NULL,4/1/2023
305,Sandra Henderson,Brazil,Smartphone,540.31,Completed,6/4/2024,5/31/2024
306,Jessica White,Canada,Mouse,605.67,Active,NULL,1/4/2024
307,Cynthia Herman,France,Speaker,918.65,Active,NULL,11/22/2022
308,Jessica White,India,Tablet,756.45,Active,NULL,11/2/2022
309,Candace Harris,China,Speaker,900.02,Completed,7/26/2023,7/11/2023
310,Justin Bowman,Germany,Laptop,996.34,Active,NULL,12/1/2022
311,Stacey Brown,Australia,Headphones,674.53,Completed,1/3/2024,12/14/2023
312,Jeffrey Sims,UK,Smartphone,644.19,Active,NULL,10/5/2023
313,Stacey Brown,Germany,Laptop,146.91,Active,NULL,6/12/2024
314,Sandra Henderson,Australia,Headphones,560.71,Completed,4/23/2023,4/3/2023
315,Cynthia Herman,Germany,Mouse,237.59,Completed,3/7/2023,2/25/2023
316,Brandon Richards,Australia,Printer,247,Completed,8/4/2023,7/15/2023
317,Justin Bowman,Brazil,Keyboard,248.6,Completed,9/22/2022,9/18/2022
318,Debra Hughes,India,Mouse,279.25,Completed,1/13/2024,1/1/2024
319,Erin Arnold,Canada,Printer,608.35,Completed,3/23/2023,3/21/2023
320,Candace Harris,UK,Keyboard,291.99,Completed,4/28/2023,4/20/2023
321,Bonnie Lucero,Canada,Headphones,660.56,Completed,3/12/2024,3/10/2024
322,Justin Bowman,France,Tablet,113.04,Completed,6/18/2023,6/12/2023
323,Jeffery Mills,Brazil,Webcam,594.15,Completed,4/20/2023,4/16/2023
324,Stacey Brown,Canada,Webcam,742.39,Active,NULL,9/24/2022
325,Jeffery Mills,India,Mouse,425.07,Active,NULL,5/9/2024
326,Bonnie Lucero,Japan,Webcam,315.84,Completed,10/31/2023,10/13/2023
327,Jeffrey Sims,Brazil,Tablet,492.66,Completed,6/20/2023,6/16/2023
328,Jessica White,India,Webcam,953.19,Completed,9/14/2022,9/2/2022
329,Erin Arnold,China,Printer,204.88,Completed,8/1/2024,7/17/2024
330,Jeffrey Rivera,Japan,Printer,480.07,Completed,2/1/2023,1/14/2023
331,Sandra Henderson,Australia,Printer,883.84,Completed,2/12/2024,1/23/2024
332,Sandra Henderson,Japan,Printer,824.2,Completed,12/29/2022,12/11/2022
333,Gabriel Vasquez,France,Laptop,787.15,Completed,7/2/2023,6/26/2023
334,Candace Harris,USA,Printer,601.25,Completed,4/20/2023,4/19/2023
335,Bonnie Lucero,France,Monitor,452.59,Completed,8/20/2023,8/14/2023
336,Jeffrey Rivera,India,Headphones,104.02,Active,NULL,6/17/2023
337,Kayla Banks,Australia,Speaker,704.46,Completed,12/17/2022,11/27/2022
338,Brandon Richards,China,Webcam,290.61,Completed,4/7/2023,3/23/2023
339,Catherine Roberts,Japan,Speaker,177.02,Completed,10/2/2023,9/14/2023
340,Jeffery Mills,Germany,Tablet,399.37,Active,NULL,12/15/2022
341,Laurie Figueroa,Brazil,Monitor,617.65,Active,NULL,9/24/2022
342,Gabriel Vasquez,Japan,Smartphone,919.62,Completed,6/11/2023,5/24/2023
343,Catherine Roberts,Australia,Headphones,429.64,Completed,11/7/2023,10/18/2023
344,Jeffrey Sims,India,Webcam,916.48,Completed,6/13/2023,6/1/2023
345,Stacey Brown,France,Laptop,629.82,Active,NULL,6/3/2024
346,Justin Bowman,Brazil,Headphones,128.57,Active,NULL,1/8/2024
347,Debra Hughes,Brazil,Webcam,536.51,Completed,4/16/2024,4/12/2024
348,Stacey Brown,Japan,Tablet,107.43,Active,NULL,10/26/2023
349,Laurie Figueroa,India,Keyboard,180.15,Completed,3/6/2024,2/23/2024
350,Sandra Henderson,Germany,Headphones,747.96,Active,NULL,5/10/2023
351,Stacey Brown,UK,Speaker,712.13,Completed,2/6/2024,1/29/2024
352,Cynthia Herman,Brazil,Headphones,198.53,Active,NULL,4/10/2023
353,Cynthia Herman,Australia,Laptop,896.84,Active,NULL,5/30/2024
354,Jessica White,Germany,Smartphone,618.13,Active,NULL,6/4/2024
355,Jessica White,Japan,Printer,202.66,Completed,5/4/2024,4/16/2024
356,Debra Hughes,Brazil,Speaker,565.86,Active,NULL,12/25/2022
357,James Moore,China,Laptop,987.08,Completed,12/13/2023,11/28/2023
358,Erin Arnold,India,Smartphone,102.71,Completed,2/1/2024,1/20/2024
359,Erin Arnold,UK,Monitor,817.87,Completed,9/23/2023,9/15/2023
360,Catherine Roberts,Australia,Speaker,163.36,Completed,11/4/2022,10/15/2022
361,Kayla Banks,India,Smartphone,982.59,Completed,10/4/2023,9/22/2023
362,Laurie Figueroa,India,Laptop,411.54,Completed,2/7/2024,1/26/2024
363,Debra Hughes,UK,Monitor,585.42,Active,NULL,2/5/2024
364,Jessica White,USA,Headphones,340,Completed,12/22/2023,12/21/2023
365,James Moore,USA,Monitor,366.36,Active,NULL,8/27/2022
366,Erin Arnold,USA,Monitor,336.21,Active,NULL,7/13/2023
367,Jeffrey Rivera,Brazil,Speaker,204.14,Completed,6/20/2024,6/16/2024
368,Brandon Richards,Japan,Laptop,701.14,Completed,3/13/2024,2/24/2024
369,Jeffrey Rivera,Japan,Mouse,109.82,Active,NULL,3/10/2024
370,Michelle Garrett,Germany,Monitor,983.53,Active,NULL,4/4/2023
371,James Moore,UK,Keyboard,867.17,Completed,10/22/2023,10/14/2023
372,Michelle Garrett,China,Tablet,755.04,Active,NULL,5/22/2024
373,Catherine Roberts,Brazil,Keyboard,701.86,Active,NULL,3/6/2023
374,Debra Hughes,Brazil,Mouse,619.01,Completed,4/10/2024,4/6/2024
375,Jessica White,China,Webcam,545.27,Active,NULL,5/11/2024
376,Gabriel Vasquez,Germany,Tablet,690.28,Active,NULL,1/4/2024
377,Catherine Roberts,India,Headphones,569.23,Active,NULL,3/13/2023
378,Jeffrey Rivera,Germany,Mouse,888.19,Active,NULL,8/14/2022
379,Jessica White,UK,Speaker,924.47,Active,NULL,3/12/2024
380,Justin Bowman,France,Tablet,220.11,Completed,9/5/2022,8/30/2022
381,Laurie Figueroa,Canada,Printer,646.52,Completed,1/13/2023,1/11/2023
382,Jeffery Mills,China,Tablet,385.68,Completed,7/25/2023,7/10/2023
383,James Moore,China,Mouse,797.79,Completed,2/4/2023,1/20/2023
384,Jeffery Mills,Canada,Laptop,179.17,Completed,12/29/2022,12/27/2022
385,Catherine Roberts,Germany,Webcam,519.38,Active,NULL,5/2/2023
386,Sandra Henderson,India,Tablet,303.4,Completed,5/30/2024,5/18/2024
387,Jeffrey Sims,France,Keyboard,533.16,Completed,4/14/2023,4/8/2023
388,Candace Harris,Canada,Tablet,688.28,Completed,9/15/2023,9/13/2023
389,Sandra Henderson,Australia,Keyboard,104.78,Completed,10/28/2023,10/8/2023
390,Stacey Brown,Germany,Tablet,531.47,Completed,5/23/2024,5/13/2024
391,Laurie Figueroa,Canada,Monitor,927.48,Active,NULL,5/13/2024
392,Kevin King,India,Webcam,412.55,Active,NULL,4/17/2024
393,Michelle Garrett,UK,Printer,844.64,Completed,3/3/2023,2/23/2023
394,Gabriel Vasquez,Brazil,Webcam,449.96,Active,NULL,9/29/2023
395,Brandon Richards,Canada,Mouse,729.22,Completed,7/8/2023,7/6/2023
396,Michelle Garrett,Canada,Speaker,192.93,Completed,2/22/2024,2/20/2024
397,Kevin King,USA,Tablet,350.96,Active,NULL,7/30/2023
398,Kevin King,UK,Monitor,461.52,Active,NULL,5/19/2023
399,Brandon Richards,Germany,Mouse,956.32,Active,NULL,12/25/2022
400,Catherine Roberts,France,Printer,429.15,Completed,8/6/2023,7/31/2023
401,Gabriel Vasquez,Australia,Printer,463.34,Completed,5/29/2024,5/9/2024
402,Kevin King,Brazil,Webcam,597.71,Completed,3/2/2023,2/26/2023
403,Jeffrey Sims,Germany,Speaker,377.73,Active,NULL,4/4/2023
404,Cynthia Herman,India,Smartphone,951.26,Completed,1/20/2023,1/8/2023
405,Sandra Henderson,USA,Tablet,579.31,Active,NULL,10/14/2023
406,Kevin King,Japan,Speaker,662.79,Completed,5/18/2023,4/30/2023
407,Erin Arnold,India,Monitor,758.85,Active,NULL,1/14/2023
408,Jeffrey Sims,Australia,Mouse,658.94,Completed,9/22/2023,9/2/2023
409,Michelle Garrett,France,Laptop,338.02,Completed,12/3/2023,11/27/2023
410,Kevin King,France,Smartphone,191.73,Active,NULL,7/16/2023
411,Justin Bowman,Canada,Laptop,353.1,Active,NULL,9/2/2022
412,Brandon Richards,India,Monitor,506.21,Completed,6/10/2023,5/29/2023
413,Candace Harris,Germany,Speaker,999.61,Active,NULL,2/26/2023
414,Brandon Richards,Brazil,Mouse,965.72,Completed,11/15/2022,11/11/2022
415,Catherine Roberts,USA,Webcam,320.53,Completed,12/22/2023,12/21/2023
416,Jeffrey Rivera,Japan,Tablet,233.65,Completed,9/12/2023,8/25/2023
417,Kayla Banks,Brazil,Tablet,743.11,Completed,7/9/2023,7/5/2023
418,Debra Hughes,France,Headphones,955.2,Completed,5/2/2023,4/26/2023
419,Justin Bowman,China,Mouse,512.72,Active,NULL,6/18/2023
420,Bonnie Lucero,Brazil,Tablet,254.23,Completed,8/20/2023,8/16/2023
421,Erin Arnold,UK,Speaker,117.31,Completed,6/24/2023,6/16/2023
422,Debra Hughes,USA,Printer,443.91,Completed,11/24/2022,11/23/2022
423,Jeffery Mills,UK,Mouse,892.57,Completed,4/17/2023,4/9/2023
424,Bonnie Lucero,Australia,Speaker,551.55,Active,NULL,3/14/2023
425,Jessica White,Australia,Mouse,154.28,Active,NULL,11/19/2022
426,Jessica White,India,Speaker,552.28,Completed,10/27/2023,10/15/2023
427,Brandon Richards,Brazil,Laptop,909.15,Completed,3/14/2024,3/10/2024
428,Jeffery Mills,Brazil,Laptop,301.29,Active,NULL,10/24/2023
429,Jeffrey Rivera,Germany,Speaker,150.99,Completed,8/25/2022,8/15/2022
430,Jessica White,Australia,Mouse,419.62,Completed,9/13/2022,8/24/2022
431,Brandon Richards,USA,Webcam,503.89,Active,NULL,8/25/2022
432,Michelle Garrett,Germany,Keyboard,126.89,Completed,2/1/2023,1/22/2023
433,Michelle Garrett,France,Laptop,696.82,Active,NULL,1/2/2024
434,Kayla Banks,Canada,Webcam,246.13,Completed,11/26/2023,11/24/2023
435,Bonnie Lucero,UK,Laptop,464.53,Active,NULL,5/24/2024
436,Jeffrey Sims,Canada,Printer,740.76,Completed,3/2/2023,2/28/2023
437,Laurie Figueroa,Japan,Headphones,320.85,Completed,11/23/2023,11/5/2023
438,Michelle Garrett,Germany,Mouse,401.61,Completed,11/18/2023,11/8/2023
439,Jeffrey Rivera,China,Headphones,959.26,Completed,6/23/2024,6/8/2024
440,Jeffrey Sims,France,Keyboard,509.8,Active,NULL,5/19/2024
441,Jeffrey Sims,Australia,Speaker,392.34,Completed,7/11/2023,6/21/2023
442,Debra Hughes,Australia,Laptop,191.09,Completed,7/22/2024,7/2/2024
443,Kevin King,USA,Headphones,303.3,Completed,10/30/2023,10/29/2023
444,Sandra Henderson,Germany,Printer,842.58,Completed,2/1/2023,1/22/2023
445,Sandra Henderson,India,Monitor,546.89,Active,NULL,9/12/2022
446,Catherine Roberts,Japan,Smartphone,786.16,Active,NULL,5/25/2023
447,Jeffery Mills,India,Printer,369.48,Active,NULL,8/4/2023
448,Candace Harris,UK,Webcam,899.84,Active,NULL,7/10/2023
449,Brandon Richards,India,Mouse,898.73,Active,NULL,11/27/2023
450,Sandra Henderson,Canada,Smartphone,611.7,Completed,6/17/2023,6/15/2023
451,Michelle Garrett,India,Webcam,554.9,Active,NULL,9/18/2022
452,Michelle Garrett,China,Smartphone,886.91,Active,NULL,9/3/2022
453,Jessica White,India,Mouse,926.3,Completed,6/6/2024,5/25/2024
454,Jeffery Mills,India,Speaker,654.26,Completed,10/27/2022,10/15/2022
455,Erin Arnold,USA,Monitor,564.49,Completed,1/8/2023,1/7/2023
456,Jeffrey Sims,Japan,Mouse,492.59,Active,NULL,10/19/2022
457,Kayla Banks,USA,Keyboard,860.92,Completed,9/25/2023,9/24/2023
458,Kevin King,France,Speaker,785.64,Active,NULL,12/20/2023
459,Laurie Figueroa,USA,Monitor,565.93,Active,NULL,2/12/2024
460,Kevin King,Brazil,Monitor,847.14,Completed,3/15/2023,3/11/2023
461,James Moore,India,Printer,940.71,Active,NULL,7/14/2023
462,Justin Bowman,Germany,Smartphone,622.35,Completed,7/18/2024,7/8/2024
463,Kayla Banks,China,Headphones,568.72,Active,NULL,7/2/2023
464,Kayla Banks,India,Keyboard,922.36,Active,NULL,4/30/2023
465,Erin Arnold,Germany,Keyboard,803.17,Completed,12/14/2022,12/4/2022
466,Michelle Garrett,Canada,Speaker,895.13,Active,NULL,3/22/2023
467,Justin Bowman,Brazil,Webcam,117.16,Completed,2/14/2024,2/10/2024
468,Candace Harris,China,Laptop,199.05,Completed,5/13/2024,4/28/2024
469,Sandra Henderson,Canada,Keyboard,866.51,Completed,3/24/2024,3/22/2024
470,Cynthia Herman,France,Monitor,711.44,Active,NULL,10/20/2023
471,Kayla Banks,Brazil,Tablet,544.53,Active,NULL,3/19/2024
472,Gabriel Vasquez,France,Tablet,920.12,Completed,2/10/2024,2/4/2024
473,Jeffrey Rivera,Germany,Monitor,628.39,Active,NULL,8/4/2023
474,Candace Harris,Japan,Monitor,561.18,Active,NULL,3/8/2024
475,Jeffrey Rivera,Australia,Headphones,653.14,Completed,10/8/2022,9/18/2022
476,Erin Arnold,India,Speaker,130.31,Active,NULL,9/24/2022
477,Catherine Roberts,Japan,Monitor,622.67,Completed,8/18/2023,7/31/2023
478,Justin Bowman,Canada,Printer,130.76,Active,NULL,8/10/2022
479,Catherine Roberts,France,Laptop,538.84,Active,NULL,5/19/2024
480,Kevin King,Canada,Monitor,321.4,Completed,11/20/2022,11/18/2022
481,Brandon Richards,France,Monitor,438.42,Completed,9/23/2023,9/17/2023
482,Candace Harris,Germany,Headphones,950.47,Active,NULL,7/19/2023
483,James Moore,Germany,Keyboard,208.26,Active,NULL,7/2/2023
484,Laurie Figueroa,China,Webcam,367.93,Completed,7/18/2023,7/3/2023
485,Jeffery Mills,India,Mouse,731.34,Active,NULL,8/18/2023
486,Cynthia Herman,Japan,Headphones,652.86,Completed,10/4/2023,9/16/2023
487,Jeffrey Rivera,Japan,Webcam,242.63,Active,NULL,9/10/2022
488,Gabriel Vasquez,USA,Webcam,110.18,Completed,6/4/2023,6/3/2023
489,Erin Arnold,Canada,Webcam,820.17,Active,NULL,2/20/2024
490,Michelle Garrett,Australia,Webcam,239.78,Completed,11/16/2022,10/27/2022
491,Catherine Roberts,India,Tablet,672.81,Active,NULL,9/27/2023
492,Cynthia Herman,USA,Printer,295.4,Completed,11/24/2023,11/23/2023
493,Jeffrey Rivera,USA,Mouse,790.01,Completed,12/19/2023,12/18/2023
494,Kayla Banks,Australia,Laptop,148.85,Completed,4/21/2024,4/1/2024
495,Laurie Figueroa,Australia,Smartphone,456.03,Active,NULL,4/24/2024
496,Cynthia Herman,USA,Webcam,559.66,Completed,12/28/2023,12/27/2023
497,Jeffery Mills,USA,Webcam,165.11,Completed,4/18/2023,4/17/2023
498,Erin Arnold,USA,Tablet,701.69,Completed,12/29/2023,12/28/2023
499,Debra Hughes,China,Printer,988.97,Active,NULL,2/15/2023
500,Catherine Roberts,China,Tablet,617.96,Completed,9/11/2022,8/27/2022
501,Debra Hughes,UK,Monitor,641.73,Active,NULL,10/27/2022
502,Jeffery Mills,Germany,Webcam,304.35,Active,NULL,6/10/2024
503,Kevin King,Australia,Speaker,990.22,Active,NULL,9/19/2022
504,Gabriel Vasquez,Canada,Mouse,667.69,Completed,2/29/2024,2/27/2024
505,Jeffrey Sims,China,Monitor,959.92,Active,NULL,12/7/2022
506,Sandra Henderson,Canada,Tablet,824.05,Completed,10/13/2023,10/11/2023
507,Erin Arnold,Canada,Keyboard,672.96,Completed,3/29/2023,3/27/2023
508,Stacey Brown,Japan,Headphones,671.9,Active,NULL,7/10/2023
509,Michelle Garrett,Canada,Mouse,293.02,Active,NULL,2/4/2023
510,Jeffrey Sims,Canada,Smartphone,623.93,Completed,7/4/2023,7/2/2023
511,Michelle Garrett,Australia,Webcam,873.92,Active,NULL,9/16/2022
512,Kayla Banks,Canada,Webcam,866.46,Completed,9/11/2023,9/9/2023
513,Debra Hughes,Brazil,Webcam,608.63,Active,NULL,10/21/2022
514,Sandra Henderson,UK,Speaker,609.28,Completed,8/25/2023,8/17/2023
515,Erin Arnold,China,Mouse,923.23,Completed,8/19/2024,8/4/2024
516,Jeffery Mills,UK,Tablet,301.15,Completed,6/10/2024,6/2/2024
517,Gabriel Vasquez,Japan,Laptop,671.14,Completed,10/17/2022,9/29/2022
518,Justin Bowman,Germany,Headphones,979.72,Completed,6/4/2023,5/25/2023
519,Jeffery Mills,Germany,Printer,158.59,Completed,1/20/2024,1/10/2024
520,Debra Hughes,Germany,Keyboard,207.18,Completed,7/30/2023,7/20/2023
521,Justin Bowman,Germany,Tablet,252.59,Active,NULL,9/30/2023
522,Kayla Banks,Germany,Speaker,405.17,Completed,11/26/2022,11/16/2022
523,Stacey Brown,USA,Speaker,238.95,Active,NULL,1/19/2023
524,Michelle Garrett,Germany,Printer,756.67,Completed,9/26/2022,9/16/2022
525,James Moore,Germany,Speaker,692.12,Completed,7/9/2023,6/29/2023
526,Erin Arnold,Canada,Speaker,385.26,Completed,12/27/2023,12/25/2023
527,Jeffrey Sims,Australia,Mouse,780.12,Completed,10/23/2023,10/3/2023
528,Brandon Richards,Germany,Webcam,238.88,Completed,6/2/2023,5/23/2023
529,Kevin King,UK,Webcam,723.63,Completed,1/29/2024,1/21/2024
530,Jessica White,Germany,Tablet,765.26,Completed,4/10/2023,3/31/2023
531,Michelle Garrett,India,Monitor,828.14,Completed,2/18/2023,2/6/2023
532,Jessica White,Australia,Printer,102.1,Active,NULL,1/13/2023
533,Stacey Brown,France,Webcam,122.78,Completed,7/12/2024,7/6/2024
534,Candace Harris,UK,Webcam,716.38,Completed,4/17/2024,4/9/2024
535,Debra Hughes,Australia,Webcam,912.8,Completed,2/9/2023,1/20/2023
536,Debra Hughes,Brazil,Smartphone,939.42,Completed,9/11/2023,9/7/2023
537,Stacey Brown,India,Webcam,165.39,Completed,11/10/2022,10/29/2022
538,Candace Harris,UK,Tablet,726.09,Completed,5/1/2023,4/23/2023
539,Jessica White,Australia,Tablet,629.27,Completed,6/1/2023,5/12/2023
540,Jeffrey Rivera,France,Tablet,602.51,Completed,8/25/2023,8/19/2023
541,Laurie Figueroa,Japan,Webcam,671.24,Completed,1/17/2023,12/30/2022
542,Laurie Figueroa,USA,Headphones,698.08,Completed,3/9/2023,3/8/2023
543,Sandra Henderson,UK,Keyboard,660.12,Completed,11/16/2023,11/8/2023
544,James Moore,Germany,Keyboard,545.95,Active,NULL,7/17/2024
545,Brandon Richards,Canada,Smartphone,482.54,Completed,11/22/2022,11/20/2022
546,Jeffrey Rivera,Australia,Smartphone,846.18,Completed,4/29/2024,4/9/2024
547,Jeffery Mills,Brazil,Webcam,230.98,Completed,9/20/2022,9/16/2022
548,Gabriel Vasquez,Japan,Laptop,537.06,Completed,7/28/2024,7/10/2024
549,Jeffrey Rivera,Germany,Webcam,312.02,Active,NULL,10/22/2022
550,Candace Harris,Brazil,Tablet,721.12,Completed,3/24/2023,3/20/2023
551,Candace Harris,India,Tablet,290.43,Active,NULL,9/4/2022
552,Michelle Garrett,Germany,Printer,111.96,Completed,4/1/2024,3/22/2024
553,Erin Arnold,UK,Printer,552.76,Active,NULL,9/22/2022
554,Jessica White,Canada,Laptop,868.3,Completed,8/17/2022,8/15/2022
555,Candace Harris,UK,Speaker,741.43,Completed,5/15/2024,5/7/2024
556,Jessica White,Australia,Tablet,543.2,Completed,12/1/2022,11/11/2022
557,Gabriel Vasquez,UK,Laptop,389.08,Completed,9/8/2023,8/31/2023
558,Debra Hughes,Canada,Printer,664.76,Active,NULL,1/9/2024
559,Kevin King,Japan,Webcam,525.77,Active,NULL,4/19/2024
560,Sandra Henderson,Australia,Smartphone,336.86,Active,NULL,2/18/2023
561,Jeffery Mills,China,Monitor,807.93,Completed,11/16/2022,11/1/2022
562,James Moore,Japan,Headphones,732.7,Completed,12/10/2022,11/22/2022
563,Stacey Brown,Australia,Printer,657.46,Completed,2/15/2023,1/26/2023
564,Catherine Roberts,France,Laptop,173.92,Active,NULL,3/31/2023
565,Sandra Henderson,USA,Laptop,686.18,Completed,4/13/2024,4/12/2024
566,Jeffery Mills,India,Tablet,454.14,Active,NULL,5/14/2024
567,Brandon Richards,Japan,Monitor,477.63,Active,NULL,2/21/2024
568,Jeffrey Sims,Germany,Headphones,835.78,Active,NULL,9/3/2022
569,Jeffery Mills,India,Keyboard,419.69,Completed,10/24/2022,10/12/2022
570,James Moore,Germany,Monitor,731.44,Completed,7/23/2024,7/13/2024
571,Stacey Brown,UK,Keyboard,135.86,Completed,4/14/2024,4/6/2024
572,Candace Harris,China,Headphones,614.36,Active,NULL,11/20/2022
573,Bonnie Lucero,Brazil,Webcam,969.49,Completed,10/27/2023,10/23/2023
574,Debra Hughes,USA,Smartphone,907.22,Completed,4/6/2023,4/5/2023
575,Cynthia Herman,Japan,Printer,763.53,Completed,6/30/2023,6/12/2023
576,Bonnie Lucero,France,Tablet,855.9,Active,NULL,7/26/2023
577,Gabriel Vasquez,Brazil,Keyboard,279.42,Active,NULL,8/21/2023
578,Justin Bowman,UK,Mouse,690.09,Active,NULL,7/28/2023
579,Debra Hughes,Brazil,Headphones,556.93,Active,NULL,8/18/2023
580,Jeffery Mills,Germany,Smartphone,556.74,Active,NULL,8/28/2023
581,Jessica White,Japan,Webcam,362.06,Completed,2/12/2023,1/25/2023
582,Michelle Garrett,France,Tablet,809.2,Completed,1/9/2024,1/3/2024
583,Cynthia Herman,Canada,Monitor,491.98,Active,NULL,1/3/2024
584,Cynthia Herman,Australia,Monitor,988,Active,NULL,6/4/2023
585,Stacey Brown,Australia,Monitor,271.06,Active,NULL,4/23/2023
586,Kevin King,France,Mouse,644.52,Completed,10/7/2022,10/1/2022
587,Bonnie Lucero,India,Mouse,328.57,Active,NULL,7/2/2023
588,Catherine Roberts,Germany,Webcam,991.53,Active,NULL,8/19/2022
589,Jeffery Mills,Japan,Webcam,121.77,Completed,10/25/2023,10/7/2023
590,Candace Harris,Australia,Tablet,369.26,Completed,2/22/2023,2/2/2023
591,Jessica White,Australia,Printer,667.63,Completed,1/13/2024,12/24/2023
592,Sandra Henderson,Canada,Headphones,450.66,Active,NULL,4/21/2024
593,Debra Hughes,Brazil,Laptop,152.97,Completed,9/20/2023,9/16/2023
594,Gabriel Vasquez,Canada,Monitor,537.43,Completed,3/12/2024,3/10/2024
595,Cynthia Herman,UK,Speaker,136.12,Completed,12/12/2023,12/4/2023
596,Kayla Banks,Germany,Smartphone,946.26,Active,NULL,7/19/2024
597,James Moore,India,Mouse,384.91,Completed,1/24/2024,1/12/2024
598,Gabriel Vasquez,Australia,Smartphone,179.79,Active,NULL,3/17/2023
599,Jessica White,Japan,Webcam,991.25,Active,NULL,2/19/2024
600,Laurie Figueroa,Canada,Tablet,989.74,Active,NULL,11/12/2022
601,Jeffrey Sims,Brazil,Mouse,266.1,Active,NULL,10/16/2022
602,Erin Arnold,USA,Keyboard,681.11,Completed,9/13/2023,9/12/2023
603,Jeffery Mills,Australia,Headphones,204.85,Completed,12/24/2023,12/4/2023
604,Candace Harris,India,Mouse,964.74,Completed,2/24/2023,2/12/2023
605,Jeffrey Rivera,Brazil,Mouse,877.61,Active,NULL,4/23/2024
606,Kayla Banks,Brazil,Webcam,737.61,Completed,4/2/2024,3/29/2024
607,Stacey Brown,Australia,Laptop,921.01,Completed,3/23/2023,3/3/2023
608,James Moore,Brazil,Mouse,757.54,Completed,12/1/2023,11/27/2023
609,Sandra Henderson,Japan,Monitor,728.87,Completed,10/27/2022,10/9/2022
610,Debra Hughes,UK,Speaker,527.68,Active,NULL,2/24/2024
611,Stacey Brown,France,Mouse,534.27,Active,NULL,7/5/2023
612,Bonnie Lucero,Brazil,Keyboard,140.41,Completed,7/31/2024,7/27/2024
613,Bonnie Lucero,Germany,Monitor,480.96,Completed,11/1/2023,10/22/2023
614,Laurie Figueroa,France,Mouse,487.99,Active,NULL,2/28/2024
615,Jeffrey Rivera,France,Webcam,138.39,Completed,5/31/2024,5/25/2024
616,Michelle Garrett,China,Keyboard,757.33,Completed,5/12/2023,4/27/2023
617,Laurie Figueroa,Japan,Keyboard,758.23,Completed,2/29/2024,2/11/2024
618,Jessica White,Australia,Headphones,675.16,Completed,8/23/2024,8/3/2024
619,Justin Bowman,Germany,Laptop,453.36,Completed,8/12/2023,8/2/2023
620,Kevin King,Canada,Keyboard,782.86,Active,NULL,11/16/2022
621,Sandra Henderson,China,Keyboard,874.59,Completed,1/18/2023,1/3/2023
622,Jeffery Mills,Japan,Printer,516.47,Completed,8/8/2024,7/21/2024
623,James Moore,Brazil,Printer,730.48,Active,NULL,10/12/2022
624,James Moore,India,Printer,552.92,Completed,9/4/2022,8/23/2022
625,Brandon Richards,China,Speaker,346.96,Completed,4/13/2023,3/29/2023
626,Michelle Garrett,India,Headphones,928.72,Active,NULL,1/31/2023
627,Michelle Garrett,China,Printer,625.06,Completed,8/11/2024,7/27/2024
628,Catherine Roberts,UK,Tablet,768.34,Completed,1/22/2023,1/14/2023
629,Kayla Banks,India,Headphones,177.04,Completed,3/17/2023,3/5/2023
630,Gabriel Vasquez,Japan,Headphones,323.93,Active,NULL,4/28/2024
631,Erin Arnold,France,Mouse,460.84,Active,NULL,8/29/2022
632,Debra Hughes,Brazil,Monitor,827.71,Completed,7/31/2023,7/27/2023
633,Cynthia Herman,France,Speaker,828.56,Active,NULL,12/28/2023
634,Bonnie Lucero,China,Tablet,773.02,Completed,7/13/2024,6/28/2024
635,Debra Hughes,India,Smartphone,442.96,Active,NULL,7/3/2024
636,Laurie Figueroa,Brazil,Headphones,790.75,Active,NULL,10/22/2022
637,Candace Harris,Germany,Printer,330.76,Completed,9/30/2023,9/20/2023
638,Kayla Banks,Germany,Monitor,385.08,Active,NULL,8/1/2023
639,Jeffery Mills,Brazil,Speaker,498.06,Completed,12/11/2022,12/7/2022
640,Kayla Banks,China,Tablet,879.23,Completed,7/6/2023,6/21/2023
641,Candace Harris,France,Printer,913.45,Completed,5/30/2023,5/24/2023
642,Brandon Richards,UK,Speaker,212.63,Completed,7/23/2024,7/15/2024
643,Gabriel Vasquez,Canada,Printer,644.92,Completed,9/25/2023,9/23/2023
644,Bonnie Lucero,UK,Smartphone,646.36,Active,NULL,1/8/2023
645,Stacey Brown,Australia,Monitor,194.85,Completed,8/10/2023,7/21/2023
646,James Moore,India,Monitor,682.58,Completed,6/8/2024,5/27/2024
647,Jessica White,France,Mouse,296.96,Active,NULL,7/17/2024
648,Justin Bowman,Canada,Speaker,932.04,Active,NULL,5/22/2024
649,Jeffery Mills,USA,Monitor,210.77,Completed,8/21/2022,8/20/2022
650,Jessica White,India,Webcam,799.03,Active,NULL,6/14/2024
651,Debra Hughes,India,Printer,649.65,Completed,7/21/2024,7/9/2024
652,Brandon Richards,Germany,Tablet,510.02,Active,NULL,12/30/2023
653,Debra Hughes,India,Tablet,274.93,Active,NULL,8/29/2022
654,Bonnie Lucero,USA,Laptop,561.22,Active,NULL,2/14/2023
655,Bonnie Lucero,Brazil,Speaker,573.22,Active,NULL,3/31/2024
656,Erin Arnold,Brazil,Laptop,262.35,Active,NULL,11/8/2022
657,Brandon Richards,Brazil,Smartphone,961.87,Completed,7/11/2024,7/7/2024
658,Bonnie Lucero,China,Laptop,983.5,Completed,7/6/2024,6/21/2024
659,Michelle Garrett,UK,Keyboard,894.43,Active,NULL,11/3/2022
660,James Moore,India,Monitor,946.67,Completed,11/22/2023,11/10/2023
661,Brandon Richards,Brazil,Tablet,805.89,Active,NULL,5/5/2023
662,Michelle Garrett,China,Tablet,634.11,Completed,12/11/2022,11/26/2022
663,Kevin King,UK,Mouse,653.25,Active,NULL,11/17/2022
664,Jeffrey Rivera,Australia,Smartphone,641.14,Completed,10/27/2023,10/7/2023
665,Jeffrey Sims,UK,Webcam,821.84,Active,NULL,3/24/2024
666,Jessica White,Canada,Printer,700.6,Completed,8/13/2023,8/11/2023
667,Jessica White,Australia,Monitor,353.74,Active,NULL,7/4/2023
668,Kevin King,Australia,Headphones,209.73,Completed,3/6/2024,2/15/2024
669,Erin Arnold,UK,Tablet,316.56,Active,NULL,11/23/2022
670,Catherine Roberts,Brazil,Webcam,691.67,Active,NULL,3/31/2024
671,James Moore,UK,Mouse,324.32,Completed,12/24/2022,12/16/2022
672,Justin Bowman,Japan,Monitor,896.53,Active,NULL,7/1/2023
673,Stacey Brown,Germany,Webcam,207.1,Completed,5/29/2023,5/19/2023
674,Catherine Roberts,Germany,Laptop,159.63,Completed,6/17/2023,6/7/2023
675,Kevin King,India,Printer,312.5,Completed,12/6/2023,11/24/2023
676,Jeffrey Rivera,Japan,Tablet,588.4,Completed,12/10/2023,11/22/2023
677,James Moore,Canada,Keyboard,106.61,Active,NULL,7/27/2023
678,Jeffrey Sims,China,Monitor,869.05,Completed,1/1/2023,12/17/2022
679,Debra Hughes,Brazil,Tablet,403.88,Active,NULL,11/23/2023
680,Sandra Henderson,France,Tablet,787.65,Completed,3/20/2024,3/14/2024
681,Candace Harris,USA,Keyboard,287.81,Completed,10/6/2022,10/5/2022
682,Debra Hughes,India,Keyboard,735.19,Completed,10/3/2022,9/21/2022
683,Sandra Henderson,Brazil,Mouse,386.93,Active,NULL,12/17/2023
684,Brandon Richards,UK,Keyboard,571.65,Completed,5/14/2023,5/6/2023
685,Jessica White,Japan,Headphones,179.99,Completed,2/3/2024,1/16/2024
686,James Moore,Germany,Smartphone,305.51,Active,NULL,1/5/2024
687,Kayla Banks,Canada,Monitor,599.24,Completed,1/18/2024,1/16/2024
688,Erin Arnold,Brazil,Printer,973.83,Completed,8/13/2023,8/9/2023
689,Jeffrey Rivera,China,Printer,333.16,Completed,9/13/2023,8/29/2023
690,Michelle Garrett,France,Smartphone,660.52,Active,NULL,11/8/2023
691,Gabriel Vasquez,Australia,Speaker,993.78,Completed,8/21/2023,8/1/2023
692,Stacey Brown,France,Printer,333.59,Completed,2/13/2023,2/7/2023
693,Sandra Henderson,Australia,Headphones,682.77,Completed,10/5/2022,9/15/2022
694,Debra Hughes,USA,Laptop,959.28,Completed,3/24/2023,3/23/2023
695,Bonnie Lucero,Germany,Laptop,895.2,Completed,11/2/2023,10/23/2023
696,Catherine Roberts,Brazil,Printer,650.9,Completed,1/7/2023,1/3/2023
697,Jessica White,USA,Speaker,883.82,Completed,2/7/2023,2/6/2023
698,Kayla Banks,India,Webcam,383.52,Completed,12/29/2022,12/17/2022
699,Cynthia Herman,Brazil,Speaker,860.68,Completed,12/30/2023,12/26/2023
700,James Moore,Brazil,Printer,591.6,Completed,12/19/2022,12/15/2022
701,James Moore,France,Tablet,831.62,Completed,1/3/2023,12/28/2022
702,Jeffrey Sims,India,Smartphone,337.11,Completed,11/17/2023,11/5/2023
703,Candace Harris,USA,Speaker,677.8,Completed,9/21/2022,9/20/2022
704,Bonnie Lucero,China,Keyboard,698.8,Active,NULL,2/28/2024
705,Jessica White,India,Speaker,684.34,Completed,6/22/2024,6/10/2024
706,Bonnie Lucero,India,Monitor,345.33,Completed,7/27/2024,7/15/2024
707,Jeffrey Sims,Germany,Mouse,342.82,Completed,9/28/2023,9/18/2023
708,James Moore,Germany,Monitor,639.29,Completed,12/14/2023,12/4/2023
709,Justin Bowman,India,Laptop,438.56,Completed,9/12/2023,8/31/2023
710,Kayla Banks,India,Smartphone,870.84,Completed,12/30/2022,12/18/2022
711,Gabriel Vasquez,China,Keyboard,601.85,Completed,5/31/2024,5/16/2024
712,Gabriel Vasquez,France,Keyboard,489.03,Active,NULL,9/15/2022
713,Kayla Banks,India,Laptop,980.45,Completed,1/4/2023,12/23/2022
714,Gabriel Vasquez,Canada,Printer,307.66,Completed,1/21/2023,1/19/2023
715,Bonnie Lucero,Japan,Webcam,118.27,Completed,3/2/2024,2/13/2024
716,Stacey Brown,Brazil,Webcam,619.06,Active,NULL,2/7/2023
717,Jessica White,Japan,Headphones,449.51,Completed,1/1/2023,12/14/2022
718,Laurie Figueroa,France,Laptop,799.12,Completed,4/20/2024,4/14/2024
719,Debra Hughes,Japan,Keyboard,559.36,Completed,10/18/2023,9/30/2023
720,Jeffrey Sims,Japan,Printer,850.59,Completed,6/23/2023,6/5/2023
721,Michelle Garrett,France,Webcam,137.66,Active,NULL,5/11/2024
722,Jeffery Mills,USA,Tablet,647.95,Active,NULL,12/21/2023
723,Erin Arnold,Canada,Keyboard,418.12,Completed,6/5/2024,6/3/2024
724,Jeffrey Rivera,France,Smartphone,115.13,Completed,4/8/2023,4/2/2023
725,Jessica White,Japan,Headphones,200.65,Completed,2/1/2024,1/14/2024
726,Candace Harris,Canada,Smartphone,207.72,Completed,4/27/2024,4/25/2024
727,Sandra Henderson,France,Keyboard,711.5,Completed,9/13/2023,9/7/2023
728,Erin Arnold,India,Smartphone,672.78,Active,NULL,9/27/2022
729,Kevin King,Australia,Tablet,452.52,Active,NULL,3/5/2024
730,Cynthia Herman,China,Smartphone,351.7,Completed,9/20/2023,9/5/2023
731,Jeffrey Rivera,Japan,Monitor,604.27,Active,NULL,7/24/2023
732,Justin Bowman,USA,Tablet,388.37,Completed,8/19/2022,8/18/2022
733,Justin Bowman,Canada,Smartphone,938.25,Active,NULL,1/15/2024
734,Cynthia Herman,France,Mouse,520.66,Active,NULL,2/9/2023
735,Bonnie Lucero,Japan,Headphones,469.71,Active,NULL,7/25/2023
736,Catherine Roberts,UK,Smartphone,256.32,Completed,7/6/2024,6/28/2024
737,Candace Harris,India,Keyboard,865.14,Active,NULL,3/26/2023
738,Kevin King,USA,Laptop,662.03,Completed,1/18/2024,1/17/2024
739,Jeffery Mills,Brazil,Speaker,948.43,Completed,12/6/2023,12/2/2023
740,Catherine Roberts,Australia,Keyboard,163.65,Completed,5/12/2024,4/22/2024
741,Brandon Richards,France,Headphones,202.41,Completed,4/23/2023,4/17/2023
742,Kayla Banks,Germany,Webcam,282.08,Active,NULL,4/3/2024
743,Michelle Garrett,Germany,Laptop,402.87,Active,NULL,2/4/2023
744,Stacey Brown,France,Smartphone,367.35,Completed,3/18/2024,3/12/2024
745,Bonnie Lucero,Australia,Smartphone,532.34,Completed,4/25/2023,4/5/2023
746,Candace Harris,Canada,Laptop,130.48,Completed,11/30/2022,11/28/2022
747,Kevin King,Australia,Headphones,669.93,Active,NULL,9/4/2022
748,Gabriel Vasquez,France,Keyboard,624.4,Completed,8/21/2022,8/15/2022
749,Candace Harris,Japan,Smartphone,473.53,Active,NULL,2/22/2024
750,Candace Harris,India,Smartphone,223.57,Completed,5/5/2023,4/23/2023
751,Kevin King,USA,Webcam,864.49,Completed,2/16/2023,2/15/2023
752,Jeffrey Rivera,Japan,Keyboard,722.71,Completed,12/16/2022,11/28/2022
753,Justin Bowman,India,Speaker,324.7,Completed,6/20/2023,6/8/2023
754,Kayla Banks,France,Printer,733.65,Completed,12/16/2022,12/10/2022
755,Cynthia Herman,UK,Printer,818.37,Active,NULL,10/11/2022
756,Stacey Brown,Canada,Smartphone,420.64,Completed,10/31/2022,10/29/2022
757,Candace Harris,Canada,Smartphone,743.14,Active,NULL,10/28/2022
758,Kayla Banks,Japan,Smartphone,605.68,Completed,4/11/2023,3/24/2023
759,Catherine Roberts,Canada,Printer,495.87,Completed,12/20/2023,12/18/2023
760,Kayla Banks,UK,Headphones,798.39,Completed,3/7/2024,2/28/2024
761,Bonnie Lucero,Australia,Mouse,850.06,Active,NULL,3/29/2023
762,Debra Hughes,France,Keyboard,101.52,Completed,10/27/2023,10/21/2023
763,Candace Harris,Canada,Printer,598.34,Completed,9/25/2022,9/23/2022
764,Jeffrey Rivera,UK,Webcam,286.79,Active,NULL,4/22/2023
765,Jeffrey Sims,Brazil,Tablet,346.77,Active,NULL,12/13/2022
766,Jeffery Mills,China,Monitor,357.87,Active,NULL,12/8/2022
767,Jessica White,Australia,Smartphone,675.04,Active,NULL,8/24/2023
768,Catherine Roberts,India,Mouse,736.71,Completed,9/13/2023,9/1/2023
769,Stacey Brown,Germany,Tablet,419.43,Active,NULL,4/25/2023
770,Sandra Henderson,Brazil,Smartphone,237.4,Completed,2/14/2023,2/10/2023
771,Gabriel Vasquez,Germany,Mouse,755.25,Completed,1/29/2024,1/19/2024
772,Catherine Roberts,France,Smartphone,765.42,Active,NULL,3/22/2023
773,Sandra Henderson,India,Webcam,805.5,Completed,11/20/2022,11/8/2022
774,Justin Bowman,Germany,Keyboard,599.2,Completed,9/28/2023,9/18/2023
775,Michelle Garrett,USA,Smartphone,501.77,Completed,4/5/2023,4/4/2023
776,Justin Bowman,China,Webcam,466.69,Active,NULL,7/19/2023
777,Bonnie Lucero,USA,Printer,623.95,Completed,10/22/2023,10/21/2023
778,Kevin King,USA,Headphones,392.82,Completed,11/24/2022,11/23/2022
779,Bonnie Lucero,Japan,Tablet,490.24,Completed,5/19/2023,5/1/2023
780,Candace Harris,China,Smartphone,117.82,Active,NULL,3/5/2024
781,Kevin King,UK,Webcam,359.74,Completed,7/20/2024,7/12/2024
782,Kayla Banks,India,Webcam,334.38,Completed,8/26/2022,8/14/2022
783,Kevin King,UK,Webcam,149.89,Completed,11/6/2022,10/29/2022
784,Catherine Roberts,India,Mouse,727.07,Completed,10/16/2023,10/4/2023
785,Stacey Brown,Brazil,Monitor,513.62,Active,NULL,9/29/2022
786,Bonnie Lucero,France,Keyboard,373.83,Completed,7/30/2024,7/24/2024
787,Jeffrey Sims,Australia,Headphones,394.35,Completed,4/2/2024,3/13/2024
788,Debra Hughes,USA,Mouse,192.3,Completed,4/24/2024,4/23/2024
789,Jessica White,Australia,Smartphone,566,Completed,1/24/2024,1/4/2024
790,Kayla Banks,Japan,Webcam,483.88,Completed,5/26/2023,5/8/2023
791,Justin Bowman,Brazil,Headphones,112.43,Completed,9/11/2023,9/7/2023
792,Bonnie Lucero,France,Smartphone,987.93,Active,NULL,9/17/2022
793,Bonnie Lucero,UK,Mouse,551.27,Active,NULL,4/9/2024
794,Erin Arnold,China,Keyboard,757.68,Completed,5/17/2023,5/2/2023
795,Erin Arnold,India,Laptop,611.07,Active,NULL,12/18/2022
796,Michelle Garrett,UK,Monitor,561.21,Active,NULL,9/16/2023
797,Catherine Roberts,India,Webcam,364.8,Active,NULL,6/25/2023
798,Brandon Richards,Brazil,Smartphone,448.66,Active,NULL,9/22/2023
799,Brandon Richards,India,Keyboard,196.39,Active,NULL,1/25/2024
800,Brandon Richards,India,Keyboard,502.26,Completed,11/28/2022,11/16/2022
801,James Moore,Japan,Printer,193.19,Completed,11/10/2023,10/23/2023
802,Erin Arnold,Japan,Webcam,263.18,Active,NULL,8/3/2023
803,Jeffrey Rivera,Australia,Printer,189.15,Active,NULL,3/30/2024
804,Stacey Brown,Japan,Monitor,207.31,Completed,5/31/2023,5/13/2023
805,Jeffrey Sims,Australia,Laptop,297.02,Completed,11/25/2023,11/5/2023
806,Jeffery Mills,India,Smartphone,771.87,Active,NULL,8/31/2022
807,Brandon Richards,Japan,Laptop,758.47,Completed,10/11/2023,9/23/2023
808,Kevin King,UK,Keyboard,614.03,Completed,8/29/2022,8/21/2022
809,Bonnie Lucero,Australia,Keyboard,511.09,Completed,8/14/2023,7/25/2023
810,Brandon Richards,Japan,Headphones,382.97,Active,NULL,5/24/2023
811,Jeffery Mills,Germany,Mouse,819.13,Completed,9/18/2023,9/8/2023
812,Catherine Roberts,Canada,Keyboard,947.92,Active,NULL,12/21/2022
813,Laurie Figueroa,Germany,Speaker,591.38,Completed,9/5/2022,8/26/2022
814,James Moore,Brazil,Speaker,255.61,Active,NULL,12/4/2022
815,Kayla Banks,Australia,Monitor,587.73,Active,NULL,5/1/2024
816,James Moore,France,Laptop,373.35,Active,NULL,8/18/2023
817,Jeffery Mills,Australia,Webcam,802.3,Active,NULL,4/21/2024
818,Michelle Garrett,France,Mouse,758.1,Completed,3/31/2023,3/25/2023
819,Stacey Brown,Japan,Printer,196.77,Active,NULL,10/2/2022
820,Gabriel Vasquez,Canada,Headphones,208.05,Active,NULL,6/10/2023
821,Bonnie Lucero,Japan,Tablet,910.8,Completed,1/25/2023,1/7/2023
822,Catherine Roberts,France,Mouse,631.62,Completed,1/26/2024,1/20/2024
823,Cynthia Herman,Canada,Smartphone,681.95,Completed,5/16/2023,5/14/2023
824,Bonnie Lucero,Canada,Webcam,341.36,Completed,3/16/2023,3/14/2023
825,Jeffrey Rivera,Germany,Keyboard,368.67,Completed,8/12/2023,8/2/2023
826,Laurie Figueroa,Australia,Tablet,122.15,Completed,11/11/2022,10/22/2022
827,Justin Bowman,Germany,Speaker,142.28,Completed,11/25/2023,11/15/2023
828,Erin Arnold,UK,Webcam,643.77,Completed,1/30/2024,1/22/2024
829,Catherine Roberts,Canada,Smartphone,250.49,Completed,12/14/2022,12/12/2022
830,Gabriel Vasquez,Canada,Webcam,519.59,Completed,1/31/2024,1/29/2024
831,Justin Bowman,Canada,Mouse,411.55,Completed,7/1/2024,6/29/2024
832,Kayla Banks,India,Smartphone,312.34,Completed,4/6/2023,3/25/2023
833,Cynthia Herman,India,Webcam,144.53,Completed,3/21/2024,3/9/2024
834,James Moore,China,Monitor,474.19,Active,NULL,1/10/2023
835,Debra Hughes,Australia,Smartphone,336.51,Active,NULL,4/2/2023
836,Michelle Garrett,USA,Printer,641.93,Completed,4/23/2024,4/22/2024
837,Catherine Roberts,Germany,Smartphone,784.73,Completed,3/23/2024,3/13/2024
838,Jessica White,Japan,Printer,452.24,Completed,8/4/2023,7/17/2023
839,Candace Harris,Germany,Tablet,803.72,Active,NULL,7/7/2024
840,Jessica White,USA,Mouse,174.43,Completed,10/13/2023,10/12/2023
841,Jeffrey Sims,USA,Webcam,442.35,Completed,2/3/2023,2/2/2023
842,Erin Arnold,Australia,Laptop,166.06,Active,NULL,11/20/2023
843,Sandra Henderson,Canada,Monitor,316.78,Completed,10/6/2023,10/4/2023
844,Jeffrey Sims,Brazil,Smartphone,958.05,Completed,1/1/2023,12/28/2022
845,Gabriel Vasquez,Australia,Speaker,169.76,Completed,7/17/2024,6/27/2024
846,Jessica White,China,Webcam,529.1,Completed,10/9/2022,9/24/2022
847,Erin Arnold,India,Webcam,159.38,Completed,5/30/2023,5/18/2023
848,Catherine Roberts,France,Mouse,342.02,Completed,9/22/2023,9/16/2023
849,James Moore,Germany,Smartphone,889.23,Completed,1/24/2024,1/14/2024
850,Bonnie Lucero,Canada,Keyboard,140.52,Completed,11/5/2022,11/3/2022
851,Candace Harris,France,Keyboard,578.15,Completed,4/14/2023,4/8/2023
852,Bonnie Lucero,USA,Speaker,871.47,Active,NULL,1/20/2023
853,Sandra Henderson,Germany,Keyboard,927.62,Completed,6/18/2024,6/8/2024
854,Sandra Henderson,France,Smartphone,442.85,Active,NULL,10/1/2023
855,Michelle Garrett,France,Monitor,480.14,Completed,7/31/2024,7/25/2024
856,Jeffrey Rivera,Australia,Laptop,267.15,Completed,6/15/2023,5/26/2023
857,Brandon Richards,China,Tablet,902.32,Completed,10/1/2022,9/16/2022
858,Candace Harris,China,Tablet,217.01,Active,NULL,5/3/2023
859,Debra Hughes,USA,Speaker,521.23,Active,NULL,9/30/2022
860,Erin Arnold,India,Keyboard,178.85,Completed,4/23/2023,4/11/2023
861,Stacey Brown,Brazil,Smartphone,904.52,Completed,11/5/2023,11/1/2023
862,Jeffrey Rivera,Japan,Headphones,546.83,Completed,3/24/2023,3/6/2023
863,Stacey Brown,China,Laptop,784.36,Completed,4/17/2024,4/2/2024
864,Candace Harris,Japan,Tablet,902.94,Active,NULL,4/20/2024
865,Erin Arnold,Australia,Printer,725.79,Active,NULL,12/16/2023
866,Stacey Brown,Australia,Monitor,175.33,Completed,9/14/2023,8/25/2023
867,Debra Hughes,Brazil,Tablet,418,Completed,4/16/2023,4/12/2023
868,Jeffrey Sims,Germany,Monitor,140.14,Active,NULL,12/22/2023
869,Stacey Brown,China,Tablet,228.62,Active,NULL,3/23/2023
870,Bonnie Lucero,Brazil,Tablet,162.17,Completed,7/1/2024,6/27/2024
871,Jessica White,Canada,Printer,886.69,Active,NULL,4/17/2024
872,Bonnie Lucero,USA,Speaker,553.55,Completed,6/13/2024,6/12/2024
873,James Moore,Canada,Tablet,834.27,Completed,5/9/2023,5/7/2023
874,Erin Arnold,UK,Speaker,185.91,Active,NULL,10/21/2023
875,Kevin King,Australia,Mouse,434.56,Completed,9/30/2022,9/10/2022
876,Justin Bowman,India,Webcam,373.95,Completed,11/1/2023,10/20/2023
877,James Moore,Brazil,Keyboard,880.01,Completed,9/22/2022,9/18/2022
878,Jessica White,Canada,Webcam,928.82,Active,NULL,1/23/2024
879,Sandra Henderson,UK,Keyboard,370.72,Completed,10/25/2023,10/17/2023
880,Candace Harris,Canada,Smartphone,760.29,Completed,3/9/2023,3/7/2023
881,Cynthia Herman,France,Monitor,846.88,Completed,12/18/2022,12/12/2022
882,Laurie Figueroa,France,Webcam,861.55,Completed,4/6/2023,3/31/2023
883,Erin Arnold,Brazil,Speaker,158.8,Completed,11/6/2022,11/2/2022
884,Erin Arnold,India,Tablet,763.89,Completed,9/27/2023,9/15/2023
885,Erin Arnold,France,Keyboard,275.29,Active,NULL,8/26/2023
886,Michelle Garrett,China,Printer,740.36,Completed,3/11/2024,2/25/2024
887,Stacey Brown,Brazil,Tablet,603.95,Active,NULL,4/13/2023
888,Michelle Garrett,France,Tablet,970.43,Completed,1/15/2024,1/9/2024
889,Jeffrey Sims,UK,Monitor,241.47,Completed,8/13/2023,8/5/2023
890,Kevin King,Australia,Smartphone,937.61,Completed,5/7/2024,4/17/2024
891,Debra Hughes,France,Mouse,245.51,Completed,11/12/2022,11/6/2022
892,Brandon Richards,Brazil,Headphones,401.19,Completed,9/26/2022,9/22/2022
893,Kevin King,India,Keyboard,308.32,Completed,11/5/2023,10/24/2023
894,Kayla Banks,Japan,Printer,462.29,Completed,7/22/2024,7/4/2024
895,Bonnie Lucero,China,Headphones,982.99,Completed,1/10/2023,12/26/2022
896,Catherine Roberts,Japan,Keyboard,537.95,Completed,4/4/2023,3/17/2023
897,Kevin King,Brazil,Laptop,300.3,Completed,12/5/2022,12/1/2022
898,James Moore,China,Keyboard,495.71,Active,NULL,12/13/2022
899,Laurie Figueroa,Brazil,Printer,572,Completed,1/23/2024,1/19/2024
900,Sandra Henderson,UK,Smartphone,542.31,Completed,5/19/2024,5/11/2024
901,Jessica White,France,Headphones,800.78,Active,NULL,8/21/2023
902,Stacey Brown,India,Printer,115.33,Active,NULL,8/10/2022
903,Kayla Banks,Canada,Headphones,175.76,Active,NULL,12/20/2023
904,Brandon Richards,India,Keyboard,344.63,Active,NULL,11/17/2023
905,Erin Arnold,India,Printer,816.97,Completed,12/23/2022,12/11/2022
906,Bonnie Lucero,Germany,Tablet,798.36,Completed,3/22/2023,3/12/2023
907,Debra Hughes,UK,Smartphone,307.73,Active,NULL,1/25/2023
908,Kayla Banks,China,Keyboard,920.64,Completed,6/29/2023,6/14/2023
909,Jeffery Mills,Germany,Webcam,634.98,Completed,3/18/2023,3/8/2023
910,Brandon Richards,USA,Mouse,113.68,Active,NULL,3/2/2024
911,Cynthia Herman,Japan,Webcam,170.82,Completed,4/20/2024,4/2/2024
912,Gabriel Vasquez,India,Smartphone,765.01,Active,NULL,8/12/2022
913,Kayla Banks,Germany,Mouse,112.81,Completed,7/27/2024,7/17/2024
914,Michelle Garrett,France,Monitor,993.18,Completed,10/26/2023,10/20/2023
915,Candace Harris,Brazil,Mouse,922.25,Active,NULL,7/16/2024
916,Candace Harris,France,Keyboard,398.38,Completed,4/18/2023,4/12/2023
917,Catherine Roberts,China,Laptop,198.4,Completed,12/13/2022,11/28/2022
918,Catherine Roberts,France,Smartphone,865.71,Completed,5/6/2024,4/30/2024
919,Jeffrey Sims,China,Speaker,737.57,Completed,10/5/2023,9/20/2023
920,Kevin King,France,Printer,261.11,Completed,2/7/2023,2/1/2023
921,Catherine Roberts,Japan,Speaker,369.59,Completed,9/21/2023,9/3/2023
922,Jeffrey Sims,Brazil,Monitor,600.07,Completed,4/15/2024,4/11/2024
923,Kevin King,Brazil,Mouse,964.32,Completed,9/17/2022,9/13/2022
924,Jeffrey Rivera,Australia,Laptop,783.5,Active,NULL,1/24/2023
925,Justin Bowman,Germany,Speaker,993.64,Active,NULL,5/6/2023
926,Erin Arnold,France,Laptop,617.8,Active,NULL,9/23/2023
927,Jeffery Mills,UK,Smartphone,285.79,Completed,2/9/2024,2/1/2024
928,Jessica White,Germany,Headphones,618.71,Completed,5/18/2023,5/8/2023
929,Michelle Garrett,China,Keyboard,592.23,Active,NULL,3/13/2023
930,Jeffery Mills,Brazil,Mouse,186.44,Active,NULL,1/14/2023
931,Jeffrey Sims,Canada,Webcam,948.94,Completed,1/11/2023,1/9/2023
932,Brandon Richards,UK,Headphones,601.31,Completed,8/18/2023,8/10/2023
933,Sandra Henderson,USA,Smartphone,768.91,Active,NULL,1/19/2023
934,Erin Arnold,UK,Smartphone,205.69,Completed,6/28/2024,6/20/2024
935,Bonnie Lucero,UK,Printer,632.03,Active,NULL,10/31/2023
936,Jeffery Mills,China,Laptop,265.12,Completed,2/26/2024,2/11/2024
937,Justin Bowman,China,Printer,956.77,Completed,5/13/2024,4/28/2024
938,Sandra Henderson,Brazil,Speaker,387.68,Completed,2/1/2023,1/28/2023
939,Jessica White,Japan,Headphones,348.74,Completed,12/29/2022,12/11/2022
940,Jessica White,India,Printer,298.64,Completed,8/6/2024,7/25/2024
941,Erin Arnold,Japan,Webcam,301.34,Completed,11/3/2023,10/16/2023
942,Bonnie Lucero,UK,Mouse,639.78,Active,NULL,8/9/2022
943,Erin Arnold,Canada,Tablet,638.98,Completed,4/23/2023,4/21/2023
944,Brandon Richards,France,Monitor,588.54,Completed,2/19/2023,2/13/2023
945,Erin Arnold,Japan,Headphones,102.95,Completed,10/17/2023,9/29/2023
946,Jessica White,India,Smartphone,468.66,Completed,11/26/2022,11/14/2022
947,Sandra Henderson,India,Keyboard,964.75,Completed,4/16/2024,4/4/2024
948,Gabriel Vasquez,UK,Tablet,528.32,Completed,9/24/2023,9/16/2023
949,Debra Hughes,China,Tablet,138.86,Active,NULL,7/18/2023
950,Erin Arnold,USA,Webcam,619.39,Completed,10/20/2023,10/19/2023
951,Jeffrey Rivera,India,Smartphone,321.17,Completed,6/5/2024,5/24/2024
952,Sandra Henderson,France,Webcam,753.06,Completed,12/27/2023,12/21/2023
953,Brandon Richards,Canada,Printer,972.1,Completed,9/22/2022,9/20/2022
954,Justin Bowman,Japan,Monitor,177.53,Completed,3/23/2024,3/5/2024
955,Kayla Banks,Japan,Keyboard,345.83,Active,NULL,12/12/2023
956,Jeffrey Rivera,UK,Speaker,539.35,Completed,12/24/2023,12/16/2023
957,Catherine Roberts,France,Smartphone,753.55,Completed,6/1/2024,5/26/2024
958,Jeffrey Sims,India,Printer,436.2,Active,NULL,5/2/2023
959,Jeffrey Sims,Japan,Headphones,608.06,Active,NULL,3/8/2024
960,Justin Bowman,UK,Printer,625.22,Active,NULL,7/31/2023
961,Stacey Brown,India,Speaker,316.24,Completed,9/7/2023,8/26/2023
962,Sandra Henderson,Germany,Monitor,927.96,Active,NULL,7/21/2024
963,Laurie Figueroa,Canada,Laptop,647.35,Active,NULL,4/15/2023
964,Bonnie Lucero,Japan,Smartphone,750.88,Completed,12/3/2022,11/15/2022
965,Kayla Banks,Japan,Printer,292.45,Completed,1/14/2023,12/27/2022
966,Kevin King,USA,Speaker,926.68,Completed,3/13/2023,3/12/2023
967,Candace Harris,Japan,Headphones,976.14,Completed,10/17/2023,9/29/2023
968,Michelle Garrett,Canada,Monitor,970.06,Active,NULL,7/16/2024
969,James Moore,France,Monitor,366.26,Completed,12/20/2022,12/14/2022
970,Jeffrey Rivera,India,Laptop,757,Active,NULL,8/31/2022
971,Jeffrey Sims,Germany,Smartphone,949.78,Completed,12/15/2023,12/5/2023
972,Debra Hughes,UK,Mouse,193.05,Completed,3/26/2024,3/18/2024
973,Jeffery Mills,Australia,Laptop,936.09,Completed,12/2/2023,11/12/2023
974,Stacey Brown,UK,Monitor,920.32,Completed,9/8/2023,8/31/2023
975,Justin Bowman,Canada,Monitor,294.31,Completed,4/5/2024,4/3/2024
976,Cynthia Herman,China,Tablet,739.79,Active,NULL,3/18/2023
977,Michelle Garrett,China,Headphones,364.47,Completed,8/14/2023,7/30/2023
978,Sandra Henderson,China,Webcam,416.21,Completed,1/7/2023,12/23/2022
979,Jeffery Mills,China,Webcam,848.01,Completed,1/16/2024,1/1/2024
980,Cynthia Herman,Australia,Headphones,838.4,Completed,1/12/2023,12/23/2022
981,Catherine Roberts,UK,Laptop,791.07,Completed,3/21/2024,3/13/2024
982,Jessica White,Germany,Monitor,227.5,Completed,4/23/2024,4/13/2024
983,Kayla Banks,USA,Webcam,365.33,Completed,8/20/2023,8/19/2023
984,Catherine Roberts,China,Keyboard,356.71,Active,NULL,9/27/2022
985,James Moore,USA,Keyboard,761.64,Completed,10/19/2022,10/18/2022
986,Jeffrey Sims,Germany,Keyboard,736.31,Active,NULL,3/13/2024
987,Jeffery Mills,Australia,Smartphone,688.51,Active,NULL,9/17/2022
988,Sandra Henderson,France,Mouse,441.72,Completed,9/12/2023,9/6/2023
989,Jeffrey Rivera,Brazil,Smartphone,462.74,Completed,9/28/2022,9/24/2022
990,Stacey Brown,Japan,Laptop,116.51,Active,NULL,5/5/2024
991,Jeffery Mills,China,Printer,949.68,Completed,8/23/2023,8/8/2023
992,Sandra Henderson,USA,Webcam,245.97,Active,NULL,1/11/2024
993,Stacey Brown,Germany,Speaker,716.59,Completed,8/16/2022,8/6/2022
994,Jessica White,Germany,Headphones,540.09,Completed,9/8/2022,8/29/2022
995,Brandon Richards,Japan,Headphones,794.44,Completed,11/17/2022,10/30/2022
996,Stacey Brown,Australia,Headphones,316.25,Completed,1/10/2023,12/21/2022
997,Jeffrey Rivera,India,Monitor,892.77,Completed,4/15/2023,4/3/2023
998,Jessica White,India,Printer,561.43,Completed,8/30/2022,8/18/2022
999,Jeffery Mills,Australia,Webcam,539.41,Completed,7/16/2024,6/26/2024
1000,Sandra Henderson,UK,Smartphone,159.18,Completed,7/25/2024,7/17/2024
1001,Jeffrey Sims,France,Keyboard,217.25,Completed,12/10/2023,12/4/2023
1002,Laurie Figueroa,Japan,Mouse,565.32,Completed,1/2/2024,12/15/2023
1003,Gabriel Vasquez,Canada,Printer,228.03,Completed,12/29/2023,12/27/2023
1004,Jessica White,USA,Printer,242.77,Completed,11/23/2023,11/22/2023
1005,Laurie Figueroa,Japan,Headphones,849.3,Completed,7/7/2023,6/19/2023
1006,Kayla Banks,France,Printer,280.91,Completed,5/19/2024,5/13/2024
1007,Jeffery Mills,France,Laptop,306.25,Completed,6/7/2024,6/1/2024
1008,Erin Arnold,India,Headphones,950.92,Completed,12/19/2023,12/7/2023
1009,Michelle Garrett,Brazil,Monitor,969.03,Completed,2/9/2023,2/5/2023
1010,Laurie Figueroa,Canada,Webcam,695.07,Completed,5/24/2024,5/22/2024
1011,Jessica White,UK,Tablet,534.56,Active,NULL,8/13/2022
1012,Kayla Banks,France,Monitor,381.78,Active,NULL,5/8/2024
1013,Jeffery Mills,Australia,Printer,435.14,Active,NULL,10/1/2022
1014,Sandra Henderson,Germany,Webcam,576.93,Completed,8/14/2023,8/4/2023
1015,Bonnie Lucero,Australia,Smartphone,395.75,Completed,8/29/2023,8/9/2023
1016,Kevin King,Brazil,Printer,630.03,Completed,4/28/2024,4/24/2024
1017,Jeffery Mills,Japan,Keyboard,505.03,Completed,7/23/2023,7/5/2023
1018,Kayla Banks,Australia,Printer,856.58,Completed,6/6/2023,5/17/2023
1019,Laurie Figueroa,Australia,Laptop,213.42,Active,NULL,5/25/2023
1020,Laurie Figueroa,India,Tablet,182.41,Completed,8/10/2024,7/29/2024
1021,Bonnie Lucero,UK,Laptop,637.21,Active,NULL,5/3/2024
1022,Justin Bowman,Brazil,Mouse,715.57,Completed,11/13/2022,11/9/2022
1023,Jeffrey Sims,France,Printer,854.81,Completed,12/4/2022,11/28/2022
1024,Bonnie Lucero,Germany,Speaker,238.85,Active,NULL,10/16/2023
1025,Kayla Banks,India,Printer,516.68,Completed,12/1/2023,11/19/2023
1026,Catherine Roberts,Germany,Monitor,462.04,Completed,6/2/2024,5/23/2024
1027,Jessica White,France,Keyboard,142.35,Active,NULL,11/7/2023
1028,Michelle Garrett,China,Smartphone,910.18,Active,NULL,4/5/2024
1029,Laurie Figueroa,China,Laptop,543.68,Completed,5/29/2024,5/14/2024
1030,Jeffery Mills,Japan,Tablet,184.5,Completed,3/10/2023,2/20/2023
1031,Jeffrey Rivera,Japan,Headphones,114.29,Completed,8/27/2022,8/9/2022
1032,Kayla Banks,Germany,Tablet,609.24,Completed,1/1/2024,12/22/2023
1033,Jeffery Mills,Germany,Speaker,948.65,Completed,9/15/2022,9/5/2022
1034,Erin Arnold,Brazil,Printer,299.69,Completed,9/28/2022,9/24/2022
1035,Jeffrey Sims,UK,Mouse,617.43,Completed,10/4/2022,9/26/2022
1036,James Moore,China,Keyboard,398.64,Completed,10/1/2023,9/16/2023
1037,Sandra Henderson,France,Webcam,866.37,Completed,10/8/2023,10/2/2023
1038,Jeffrey Rivera,China,Monitor,674.89,Active,NULL,3/16/2024
1039,Debra Hughes,India,Webcam,332.76,Completed,8/10/2024,7/29/2024
1040,Jeffery Mills,India,Speaker,341.35,Active,NULL,11/21/2022
1041,Cynthia Herman,Germany,Printer,992.35,Active,NULL,2/11/2024
1042,Stacey Brown,China,Smartphone,269,Active,NULL,9/26/2022
1043,Jeffrey Sims,UK,Laptop,551.42,Completed,7/17/2024,7/9/2024
1044,Erin Arnold,USA,Laptop,252.72,Completed,6/23/2023,6/22/2023
1045,Kevin King,France,Monitor,225.55,Completed,5/6/2023,4/30/2023
1046,Stacey Brown,France,Monitor,416.23,Active,NULL,7/4/2023
1047,Brandon Richards,Germany,Printer,147.44,Active,NULL,2/18/2023
1048,Erin Arnold,USA,Speaker,499.98,Completed,1/7/2024,1/6/2024
1049,Kayla Banks,USA,Headphones,657.34,Active,NULL,9/19/2023
1050,Jeffrey Rivera,China,Smartphone,608.73,Completed,11/15/2023,10/31/2023
1051,James Moore,France,Webcam,395.62,Completed,12/8/2023,12/2/2023
1052,Jeffrey Sims,USA,Monitor,510.72,Active,NULL,2/27/2023
1053,Jeffrey Sims,USA,Webcam,915.29,Active,NULL,3/5/2024
1054,Bonnie Lucero,France,Printer,437.96,Completed,1/26/2023,1/20/2023
1055,Sandra Henderson,India,Laptop,927.23,Completed,3/6/2023,2/22/2023
1056,Jeffrey Rivera,India,Webcam,142.59,Completed,3/28/2024,3/16/2024
1057,Sandra Henderson,India,Headphones,300.81,Completed,4/7/2023,3/26/2023
1058,Justin Bowman,USA,Monitor,190.6,Completed,1/1/2024,12/31/2023
1059,Kayla Banks,UK,Smartphone,490.08,Completed,6/14/2024,6/6/2024
1060,Stacey Brown,Canada,Headphones,229.27,Completed,3/20/2024,3/18/2024
1061,Jeffery Mills,Japan,Mouse,605,Completed,6/20/2023,6/2/2023
1062,Bonnie Lucero,Brazil,Speaker,267.87,Completed,8/13/2023,8/9/2023
1063,Debra Hughes,India,Speaker,771.81,Completed,6/1/2023,5/20/2023
1064,Candace Harris,Australia,Laptop,834.1,Completed,12/30/2023,12/10/2023
1065,Kevin King,India,Tablet,347.37,Completed,3/15/2023,3/3/2023
1066,Gabriel Vasquez,India,Smartphone,663.13,Completed,4/6/2024,3/25/2024
1067,Brandon Richards,USA,Monitor,434.72,Active,NULL,1/21/2023
1068,Bonnie Lucero,India,Keyboard,889.17,Completed,11/9/2022,10/28/2022
1069,Erin Arnold,UK,Laptop,338.63,Active,NULL,12/6/2022
1070,Bonnie Lucero,USA,Laptop,968.23,Active,NULL,6/6/2024
1071,Jessica White,France,Keyboard,102.78,Completed,9/10/2022,9/4/2022
1072,Debra Hughes,Canada,Speaker,408.6,Completed,11/30/2023,11/28/2023
1073,Jeffery Mills,Canada,Laptop,270.46,Active,NULL,4/17/2024
1074,Gabriel Vasquez,India,Speaker,115.47,Completed,4/27/2024,4/15/2024
1075,Jeffrey Sims,USA,Webcam,686.12,Completed,12/16/2022,12/15/2022
1076,Jeffrey Rivera,France,Monitor,566.76,Completed,1/5/2023,12/30/2022
1077,Kayla Banks,Japan,Speaker,983.94,Completed,1/12/2024,12/25/2023
1078,Erin Arnold,India,Monitor,489.43,Completed,8/23/2022,8/11/2022
1079,Jeffrey Sims,France,Mouse,924.85,Completed,4/23/2023,4/17/2023
1080,Jessica White,Brazil,Smartphone,137.4,Completed,3/12/2023,3/8/2023
1081,Laurie Figueroa,UK,Speaker,926.5,Completed,11/9/2023,11/1/2023
1082,Debra Hughes,USA,Speaker,547.84,Active,NULL,11/1/2023
1083,Kayla Banks,Canada,Speaker,608.7,Completed,5/17/2023,5/15/2023
1084,Michelle Garrett,Canada,Speaker,768.75,Completed,10/1/2022,9/29/2022
1085,Sandra Henderson,UK,Smartphone,443.87,Completed,3/19/2023,3/11/2023
1086,Stacey Brown,Germany,Speaker,111.82,Completed,1/15/2023,1/5/2023
1087,Jeffrey Sims,Germany,Tablet,995.77,Completed,6/14/2023,6/4/2023
1088,Debra Hughes,China,Printer,451.44,Active,NULL,7/13/2024
1089,Brandon Richards,China,Headphones,428.28,Completed,12/7/2022,11/22/2022
1090,Debra Hughes,India,Laptop,700.97,Completed,11/20/2023,11/8/2023
1091,Candace Harris,USA,Smartphone,576.97,Completed,9/23/2023,9/22/2023
1092,Candace Harris,Australia,Laptop,201.85,Completed,10/24/2022,10/4/2022
1093,Bonnie Lucero,Brazil,Keyboard,789.77,Active,NULL,11/16/2022
1094,Bonnie Lucero,India,Printer,944.87,Active,NULL,2/23/2024
1095,Brandon Richards,Canada,Keyboard,848.1,Completed,11/8/2022,11/6/2022
1096,Erin Arnold,Japan,Speaker,559.91,Completed,11/26/2023,11/8/2023
1097,Stacey Brown,India,Speaker,839.63,Completed,9/6/2022,8/25/2022
1098,Jeffrey Sims,Germany,Webcam,593.2,Active,NULL,6/3/2023
1099,Justin Bowman,USA,Mouse,778.13,Completed,10/12/2022,10/11/2022
1100,Jeffery Mills,Japan,Tablet,636.2,Completed,12/22/2023,12/4/2023
1101,Sandra Henderson,Canada,Webcam,315.1,Completed,5/20/2024,5/18/2024
1102,Bonnie Lucero,Germany,Tablet,521.02,Active,NULL,6/7/2024
1103,Cynthia Herman,USA,Smartphone,236.76,Active,NULL,5/18/2023
1104,Bonnie Lucero,Germany,Keyboard,275.19,Completed,4/23/2023,4/13/2023
1105,Laurie Figueroa,France,Tablet,746.17,Active,NULL,6/20/2024
1106,Justin Bowman,China,Mouse,279.67,Completed,4/6/2024,3/22/2024
1107,Debra Hughes,France,Headphones,585.92,Active,NULL,10/4/2022
1108,Brandon Richards,France,Laptop,231.94,Active,NULL,3/22/2023
1109,Stacey Brown,Brazil,Monitor,811.37,Active,NULL,5/23/2024
1110,Debra Hughes,UK,Laptop,895.89,Completed,3/28/2023,3/20/2023
1111,Justin Bowman,UK,Laptop,304.3,Completed,7/28/2024,7/20/2024
1112,Michelle Garrett,Germany,Headphones,683.07,Completed,10/2/2023,9/22/2023
1113,Debra Hughes,UK,Printer,373.39,Active,NULL,1/25/2023
1114,Bonnie Lucero,India,Speaker,117.1,Active,NULL,5/13/2024
1115,James Moore,UK,Laptop,628.3,Completed,1/15/2024,1/7/2024
1116,Erin Arnold,USA,Headphones,522.57,Completed,7/11/2023,7/10/2023
1117,James Moore,France,Laptop,138.24,Completed,5/27/2023,5/21/2023
1118,James Moore,Japan,Mouse,492.66,Completed,5/27/2023,5/9/2023
1119,Jeffrey Rivera,Canada,Monitor,474.33,Completed,6/15/2024,6/13/2024
1120,Catherine Roberts,Brazil,Smartphone,290.27,Completed,11/29/2023,11/25/2023
1121,James Moore,Germany,Keyboard,881.56,Completed,12/31/2023,12/21/2023
1122,Bonnie Lucero,UK,Headphones,897.25,Completed,6/7/2024,5/30/2024
1123,Kayla Banks,China,Mouse,510.03,Completed,2/7/2023,1/23/2023
1124,Gabriel Vasquez,Brazil,Keyboard,383.89,Completed,3/25/2024,3/21/2024
1125,Erin Arnold,USA,Headphones,348.1,Completed,11/22/2022,11/21/2022
1126,Kevin King,India,Printer,415.53,Completed,2/1/2023,1/20/2023
1127,Sandra Henderson,China,Laptop,858.48,Completed,5/1/2023,4/16/2023
1128,Stacey Brown,Australia,Mouse,156.12,Completed,3/11/2024,2/20/2024
1129,Bonnie Lucero,India,Smartphone,703.87,Completed,11/2/2022,10/21/2022
1130,Jessica White,Germany,Headphones,476.8,Completed,9/19/2022,9/9/2022
1131,Michelle Garrett,USA,Monitor,320.85,Completed,3/29/2023,3/28/2023
1132,Laurie Figueroa,USA,Smartphone,125,Completed,12/24/2022,12/23/2022
1133,Kayla Banks,France,Tablet,952.74,Completed,11/3/2023,10/28/2023
1134,Jeffrey Rivera,Australia,Printer,750.25,Active,NULL,9/25/2022
1135,Catherine Roberts,Australia,Mouse,473.12,Active,NULL,4/17/2024
1136,Michelle Garrett,Brazil,Tablet,659.55,Completed,5/21/2024,5/17/2024
1137,Sandra Henderson,USA,Mouse,301.26,Completed,3/12/2023,3/11/2023
1138,Jeffrey Rivera,France,Webcam,465.55,Active,NULL,2/15/2024
1139,Stacey Brown,France,Printer,145.12,Active,NULL,11/1/2022
1140,Bonnie Lucero,UK,Laptop,894.52,Active,NULL,8/25/2023
1141,Catherine Roberts,Canada,Headphones,953.62,Completed,11/24/2023,11/22/2023
1142,Catherine Roberts,India,Tablet,108.77,Completed,1/21/2023,1/9/2023
1143,Jeffery Mills,Germany,Smartphone,482.85,Completed,1/27/2023,1/17/2023
1144,James Moore,Brazil,Keyboard,890.8,Completed,11/1/2022,10/28/2022
1145,Cynthia Herman,France,Monitor,858.44,Completed,7/5/2024,6/29/2024
1146,Debra Hughes,Japan,Printer,102.64,Completed,2/24/2023,2/6/2023
1147,Cynthia Herman,France,Headphones,605.47,Active,NULL,1/16/2023
1148,James Moore,USA,Monitor,368.31,Completed,6/13/2023,6/12/2023
1149,Brandon Richards,France,Smartphone,155.69,Active,NULL,9/11/2023
1150,Stacey Brown,China,Speaker,214.18,Completed,11/9/2023,10/25/2023
1151,Erin Arnold,France,Printer,144.53,Completed,12/24/2023,12/18/2023
1152,Catherine Roberts,China,Speaker,883.76,Active,NULL,10/10/2022
1153,Gabriel Vasquez,India,Headphones,346.02,Completed,1/27/2024,1/15/2024
1154,Bonnie Lucero,UK,Speaker,714.97,Completed,4/10/2023,4/2/2023
1155,Gabriel Vasquez,Australia,Keyboard,289.89,Active,NULL,11/29/2023
1156,Kayla Banks,Canada,Keyboard,870.95,Active,NULL,10/20/2023
1157,Jeffrey Rivera,Brazil,Printer,509.8,Completed,1/15/2023,1/11/2023
1158,Kevin King,Canada,Printer,589.11,Completed,11/21/2022,11/19/2022
1159,Catherine Roberts,Canada,Printer,875.7,Active,NULL,2/19/2023
1160,Justin Bowman,Australia,Speaker,676.04,Completed,2/27/2024,2/7/2024
1161,Stacey Brown,Australia,Headphones,785.03,Completed,6/3/2023,5/14/2023
1162,Brandon Richards,UK,Headphones,880.04,Completed,1/25/2023,1/17/2023
1163,Stacey Brown,Canada,Monitor,771.86,Active,NULL,11/4/2023
1164,James Moore,Germany,Monitor,641.38,Active,NULL,9/4/2023
1165,Gabriel Vasquez,France,Smartphone,296.51,Completed,11/12/2022,11/6/2022
1166,Laurie Figueroa,UK,Mouse,119.08,Completed,6/4/2024,5/27/2024
1167,Kevin King,France,Speaker,766.47,Completed,5/31/2023,5/25/2023
1168,James Moore,India,Smartphone,178.29,Active,NULL,4/20/2024
1169,Jessica White,Germany,Mouse,526.4,Completed,9/13/2022,9/3/2022
1170,Michelle Garrett,Japan,Headphones,967.5,Active,NULL,8/16/2023
1171,Gabriel Vasquez,UK,Tablet,624.5,Active,NULL,10/19/2023
1172,Candace Harris,Australia,Tablet,705.44,Completed,7/18/2023,6/28/2023
1173,James Moore,Canada,Printer,758.35,Completed,4/3/2023,4/1/2023
1174,Catherine Roberts,Canada,Speaker,861.54,Active,NULL,8/3/2024
1175,Catherine Roberts,Brazil,Tablet,952.21,Completed,10/17/2023,10/13/2023
1176,James Moore,China,Mouse,256.14,Active,NULL,8/14/2022
1177,Catherine Roberts,Brazil,Tablet,354.18,Completed,6/4/2024,5/31/2024
1178,James Moore,Australia,Speaker,319.71,Active,NULL,6/29/2024
1179,James Moore,Australia,Smartphone,730.74,Completed,4/9/2024,3/20/2024
1180,Jessica White,India,Tablet,278.02,Active,NULL,4/19/2024
1181,Jeffery Mills,Germany,Mouse,372.48,Completed,1/15/2024,1/5/2024
1182,Bonnie Lucero,France,Speaker,224.15,Active,NULL,8/20/2023
1183,Kayla Banks,UK,Keyboard,982.25,Active,NULL,2/27/2023
1184,Candace Harris,USA,Webcam,986.07,Active,NULL,5/15/2023
1185,Kevin King,Brazil,Laptop,779.57,Completed,9/1/2023,8/28/2023
1186,Stacey Brown,India,Printer,307.26,Completed,7/21/2024,7/9/2024
1187,Jeffery Mills,UK,Mouse,156.35,Active,NULL,5/27/2024
1188,Erin Arnold,USA,Printer,210.55,Completed,9/20/2022,9/19/2022
1189,Kayla Banks,USA,Keyboard,369.76,Active,NULL,6/1/2023
1190,Kevin King,Japan,Speaker,990.4,Completed,7/12/2023,6/24/2023
1191,James Moore,Australia,Webcam,370.44,Completed,5/2/2024,4/12/2024
1192,Justin Bowman,Germany,Printer,923.7,Completed,1/29/2024,1/19/2024
1193,Catherine Roberts,China,Printer,929.19,Completed,12/24/2022,12/9/2022
1194,Kevin King,UK,Headphones,252.33,Completed,7/30/2024,7/22/2024
1195,Laurie Figueroa,France,Printer,419.6,Active,NULL,4/17/2023
1196,Jeffrey Rivera,Japan,Mouse,407.44,Completed,5/10/2024,4/22/2024
1197,Jessica White,Brazil,Webcam,476.15,Completed,9/17/2023,9/13/2023
1198,Stacey Brown,Germany,Keyboard,425.58,Active,NULL,7/20/2023
1199,Jessica White,France,Speaker,726.87,Active,NULL,6/18/2023
1200,Jeffrey Sims,Australia,Webcam,281.05,Completed,2/5/2023,1/16/2023
1201,Jeffrey Sims,Germany,Monitor,615.9,Completed,12/27/2023,12/17/2023
1202,Catherine Roberts,Japan,Webcam,227.93,Completed,8/12/2024,7/25/2024
1203,Brandon Richards,USA,Webcam,693.41,Completed,12/31/2023,12/30/2023
1204,Kayla Banks,Germany,Headphones,286.4,Completed,8/23/2022,8/13/2022
1205,Erin Arnold,UK,Monitor,843.63,Completed,1/12/2023,1/4/2023
1206,Jessica White,UK,Speaker,562.71,Completed,1/26/2024,1/18/2024
1207,Erin Arnold,China,Webcam,270.9,Completed,2/8/2024,1/24/2024
1208,Jessica White,India,Speaker,156.33,Completed,5/2/2024,4/20/2024
1209,Justin Bowman,UK,Tablet,186.94,Completed,2/18/2023,2/10/2023
1210,James Moore,France,Printer,918.1,Active,NULL,12/14/2022
1211,Michelle Garrett,UK,Mouse,581.88,Completed,8/18/2023,8/10/2023
1212,Jeffery Mills,Australia,Laptop,182.81,Active,NULL,7/4/2023
1213,Stacey Brown,India,Webcam,704.31,Completed,2/22/2024,2/10/2024
1214,Jeffrey Rivera,USA,Headphones,932.48,Completed,12/10/2023,12/9/2023
1215,Cynthia Herman,China,Keyboard,717.43,Completed,12/26/2022,12/11/2022
1216,Jeffrey Sims,Japan,Printer,241.34,Completed,3/13/2024,2/24/2024
1217,Gabriel Vasquez,UK,Mouse,133.39,Active,NULL,5/2/2023
1218,Kayla Banks,Brazil,Webcam,345.94,Completed,2/15/2024,2/11/2024
1219,Justin Bowman,France,Webcam,855.61,Active,NULL,10/28/2023
1220,Brandon Richards,India,Mouse,286.2,Active,NULL,1/21/2023
1221,Kayla Banks,China,Webcam,249.02,Completed,1/16/2023,1/1/2023
1222,Michelle Garrett,Germany,Webcam,890.02,Completed,6/1/2023,5/22/2023
1223,Kevin King,India,Laptop,360.11,Completed,11/4/2022,10/23/2022
1224,Jeffrey Sims,USA,Tablet,541.91,Active,NULL,1/19/2023
1225,Jeffrey Sims,India,Monitor,955.92,Active,NULL,1/14/2024
1226,Michelle Garrett,Australia,Tablet,316.97,Active,NULL,11/30/2022
1227,James Moore,Japan,Laptop,690.94,Completed,8/8/2024,7/21/2024
1228,Cynthia Herman,China,Speaker,151.51,Active,NULL,5/9/2023
1229,Jessica White,India,Tablet,475.15,Active,NULL,6/9/2023
1230,Michelle Garrett,France,Monitor,487.24,Completed,7/29/2023,7/23/2023
1231,Jeffrey Rivera,USA,Webcam,598.1,Active,NULL,5/29/2024
1232,Michelle Garrett,Japan,Headphones,377.47,Active,NULL,12/27/2023
1233,Jessica White,Brazil,Speaker,483.13,Completed,3/11/2023,3/7/2023
1234,Jeffrey Sims,France,Smartphone,789.66,Completed,6/5/2024,5/30/2024
1235,James Moore,UK,Webcam,749.49,Completed,1/24/2023,1/16/2023
1236,Michelle Garrett,Germany,Tablet,346.63,Completed,10/30/2022,10/20/2022
1237,Kevin King,India,Speaker,367.44,Completed,8/5/2024,7/24/2024
1238,Brandon Richards,Germany,Mouse,959.29,Completed,3/21/2023,3/11/2023
1239,Stacey Brown,Brazil,Speaker,536.06,Active,NULL,11/29/2023
1240,Kevin King,Canada,Keyboard,547.13,Completed,11/13/2023,11/11/2023
1241,Debra Hughes,Germany,Printer,765.47,Completed,11/13/2023,11/3/2023
1242,Michelle Garrett,Japan,Speaker,317.96,Completed,4/13/2024,3/26/2024
1243,Jessica White,Japan,Mouse,987.49,Active,NULL,6/20/2024
1244,Catherine Roberts,China,Speaker,861.74,Completed,8/6/2023,7/22/2023
1245,Jessica White,Canada,Mouse,316.5,Active,NULL,9/11/2022
1246,Candace Harris,China,Headphones,763.32,Completed,5/17/2024,5/2/2024
1247,Stacey Brown,France,Speaker,500.75,Completed,10/5/2022,9/29/2022
1248,Justin Bowman,Canada,Keyboard,900.04,Completed,2/22/2023,2/20/2023
1249,Michelle Garrett,USA,Smartphone,617.16,Completed,11/18/2023,11/17/2023
1250,Erin Arnold,Brazil,Webcam,689.72,Completed,10/2/2022,9/28/2022
1251,Jeffery Mills,Germany,Smartphone,816.53,Completed,3/14/2024,3/4/2024
1252,Debra Hughes,China,Mouse,583.65,Active,NULL,9/4/2022
1253,Kayla Banks,France,Mouse,653.23,Completed,10/28/2022,10/22/2022
1254,Jeffery Mills,Australia,Tablet,810.04,Completed,8/5/2023,7/16/2023
1255,Erin Arnold,China,Monitor,589.29,Active,NULL,12/30/2022
1256,Erin Arnold,UK,Keyboard,664.32,Active,NULL,3/22/2024
1257,James Moore,Australia,Tablet,658.83,Completed,8/8/2023,7/19/2023
1258,Michelle Garrett,Japan,Mouse,997.65,Completed,1/25/2024,1/7/2024
1259,Michelle Garrett,Germany,Smartphone,457.98,Active,NULL,8/16/2022
1260,Bonnie Lucero,USA,Webcam,766.17,Completed,7/5/2023,7/4/2023
1261,Jessica White,USA,Tablet,966.53,Completed,6/11/2024,6/10/2024
1262,Gabriel Vasquez,UK,Speaker,716.25,Active,NULL,11/19/2023
1263,Laurie Figueroa,Canada,Printer,487.7,Completed,9/21/2022,9/19/2022
1264,Justin Bowman,France,Speaker,612.32,Active,NULL,1/7/2023
1265,Jeffery Mills,France,Mouse,306.76,Completed,8/17/2022,8/11/2022
1266,Michelle Garrett,Australia,Smartphone,994.32,Completed,11/22/2022,11/2/2022
1267,Jeffery Mills,France,Tablet,627.92,Completed,3/31/2023,3/25/2023
1268,Jeffrey Sims,France,Headphones,250.18,Completed,9/16/2023,9/10/2023
1269,Jessica White,Brazil,Tablet,369.18,Active,NULL,2/14/2023
1270,Debra Hughes,Germany,Keyboard,548.28,Active,NULL,6/17/2024
1271,James Moore,UK,Speaker,305.82,Completed,11/2/2022,10/25/2022
1272,Sandra Henderson,UK,Tablet,471.89,Completed,1/22/2023,1/14/2023
1273,Jeffery Mills,China,Headphones,358.64,Completed,6/19/2024,6/4/2024
1274,Debra Hughes,Brazil,Tablet,126.51,Active,NULL,12/26/2023
1275,Justin Bowman,Japan,Speaker,665.43,Completed,9/14/2022,8/27/2022
1276,Stacey Brown,USA,Speaker,479.54,Active,NULL,9/16/2023
1277,Catherine Roberts,India,Tablet,560.47,Active,NULL,4/22/2024
1278,Kayla Banks,Japan,Tablet,671.69,Completed,1/15/2024,12/28/2023
1279,Kayla Banks,France,Headphones,921.68,Completed,1/6/2023,12/31/2022
1280,Jessica White,Brazil,Webcam,513.38,Completed,6/24/2024,6/20/2024
1281,Sandra Henderson,Germany,Laptop,592.32,Completed,10/28/2022,10/18/2022
1282,Debra Hughes,Japan,Mouse,525.69,Completed,3/15/2024,2/26/2024
1283,Kayla Banks,USA,Smartphone,952,Completed,3/26/2023,3/25/2023
1284,Bonnie Lucero,India,Webcam,388.74,Completed,11/30/2023,11/18/2023
1285,James Moore,USA,Webcam,971.24,Completed,3/14/2024,3/13/2024
1286,Jeffery Mills,Canada,Webcam,520.57,Active,NULL,10/18/2022
1287,Candace Harris,Australia,Webcam,647.87,Completed,10/27/2023,10/7/2023
1288,Candace Harris,France,Monitor,982.14,Completed,4/10/2023,4/4/2023
1289,Laurie Figueroa,China,Laptop,778.66,Completed,11/21/2023,11/6/2023
1290,Kevin King,India,Keyboard,895.55,Completed,2/10/2024,1/29/2024
1291,James Moore,India,Printer,744.81,Active,NULL,10/7/2023
1292,Erin Arnold,UK,Speaker,964.98,Active,NULL,12/24/2022
1293,Brandon Richards,China,Laptop,933.39,Active,NULL,12/12/2022
1294,Bonnie Lucero,France,Monitor,429.69,Completed,5/20/2024,5/14/2024
1295,Kevin King,Japan,Monitor,111.91,Completed,1/15/2024,12/28/2023
1296,Brandon Richards,Brazil,Mouse,345.69,Active,NULL,3/31/2024
1297,Brandon Richards,Brazil,Webcam,702.64,Active,NULL,7/18/2024
1298,Brandon Richards,Germany,Monitor,911.56,Completed,12/11/2022,12/1/2022
1299,Catherine Roberts,India,Tablet,102.41,Completed,5/11/2024,4/29/2024
1300,Jessica White,China,Monitor,630.25,Active,NULL,5/20/2024
1301,Brandon Richards,Germany,Monitor,512.73,Active,NULL,11/8/2023
1302,Catherine Roberts,USA,Headphones,678.61,Active,NULL,4/24/2023
1303,Jeffery Mills,France,Monitor,715.94,Completed,2/9/2024,2/3/2024
1304,Erin Arnold,Japan,Monitor,151.79,Completed,7/27/2024,7/9/2024
1305,Stacey Brown,Germany,Mouse,335.64,Completed,1/20/2023,1/10/2023
1306,Jeffrey Sims,Australia,Tablet,442.12,Active,NULL,8/7/2022
1307,Kayla Banks,Australia,Monitor,651.64,Completed,6/15/2023,5/26/2023
1308,Cynthia Herman,India,Laptop,778.71,Completed,10/28/2022,10/16/2022
1309,Cynthia Herman,Germany,Printer,149.99,Completed,2/3/2024,1/24/2024
1310,Justin Bowman,UK,Keyboard,805.43,Active,NULL,8/19/2023
1311,Justin Bowman,India,Monitor,649.79,Completed,12/24/2022,12/12/2022
1312,Jeffery Mills,Germany,Headphones,461.44,Active,NULL,11/10/2022
1313,James Moore,Brazil,Speaker,395.56,Completed,9/16/2023,9/12/2023
1314,Kayla Banks,UK,Speaker,375.84,Active,NULL,2/12/2023
1315,Michelle Garrett,Australia,Speaker,223.33,Completed,4/23/2023,4/3/2023
1316,Sandra Henderson,India,Printer,588.59,Active,NULL,2/7/2023
1317,Justin Bowman,Australia,Monitor,358.49,Active,NULL,3/8/2023
1318,Kayla Banks,Australia,Monitor,161.49,Active,NULL,10/23/2023
1319,Jeffrey Rivera,Canada,Keyboard,625.77,Completed,9/10/2022,9/8/2022
1320,Brandon Richards,Brazil,Webcam,761.4,Active,NULL,7/20/2023
1321,James Moore,Australia,Keyboard,500.23,Completed,12/23/2022,12/3/2022
1322,Erin Arnold,China,Speaker,846.84,Active,NULL,6/12/2024
1323,Jeffery Mills,UK,Webcam,984.38,Completed,9/1/2023,8/24/2023
1324,Erin Arnold,Brazil,Speaker,417.71,Completed,5/15/2023,5/11/2023
1325,Jeffery Mills,India,Laptop,502.91,Completed,8/27/2022,8/15/2022
1326,Catherine Roberts,UK,Webcam,719.86,Completed,9/24/2022,9/16/2022
1327,Laurie Figueroa,India,Smartphone,388.3,Completed,8/29/2023,8/17/2023
1328,Gabriel Vasquez,USA,Keyboard,257.56,Active,NULL,9/16/2023
1329,Jeffrey Rivera,USA,Keyboard,131.61,Completed,2/19/2023,2/18/2023
1330,Jeffrey Sims,Brazil,Keyboard,508,Completed,7/10/2023,7/6/2023
1331,Candace Harris,France,Monitor,850.37,Active,NULL,10/12/2022
1332,Cynthia Herman,Canada,Headphones,743.65,Completed,9/21/2023,9/19/2023
1333,Catherine Roberts,Canada,Monitor,489.56,Completed,3/10/2023,3/8/2023
1334,Kevin King,India,Tablet,309.53,Completed,8/9/2024,7/28/2024
1335,Catherine Roberts,China,Laptop,336.78,Active,NULL,2/29/2024
1336,Jeffrey Rivera,France,Webcam,908.07,Active,NULL,1/8/2024
1337,Michelle Garrett,China,Keyboard,638.39,Completed,12/22/2023,12/7/2023
1338,Brandon Richards,UK,Smartphone,635.56,Completed,3/31/2023,3/23/2023
1339,Jessica White,USA,Printer,136.52,Completed,10/3/2023,10/2/2023
1340,Gabriel Vasquez,Canada,Monitor,699.21,Completed,8/10/2023,8/8/2023
1341,James Moore,Brazil,Tablet,731.74,Completed,11/17/2023,11/13/2023
1342,James Moore,UK,Printer,856.75,Completed,7/17/2024,7/9/2024
1343,Jeffrey Sims,Germany,Smartphone,907.4,Active,NULL,10/1/2022
1344,Debra Hughes,France,Speaker,965.69,Completed,3/27/2024,3/21/2024
1345,Brandon Richards,Australia,Speaker,175.17,Completed,3/18/2024,2/27/2024
1346,Sandra Henderson,India,Laptop,260.33,Completed,5/21/2024,5/9/2024
1347,Jeffrey Rivera,USA,Headphones,628.48,Active,NULL,9/14/2023
1348,Sandra Henderson,USA,Webcam,617.16,Active,NULL,8/31/2023
1349,Candace Harris,China,Smartphone,445.46,Active,NULL,9/24/2022
1350,Jeffrey Rivera,Brazil,Printer,104.35,Completed,2/17/2024,2/13/2024
1351,Stacey Brown,Canada,Webcam,636.72,Active,NULL,6/14/2024
1352,Jeffery Mills,China,Keyboard,563.21,Active,NULL,4/3/2024
1353,Candace Harris,India,Tablet,125.44,Completed,9/27/2022,9/15/2022
1354,Debra Hughes,France,Tablet,214.67,Active,NULL,5/16/2024
1355,Debra Hughes,USA,Tablet,202.21,Completed,2/8/2024,2/7/2024
1356,Bonnie Lucero,Japan,Tablet,500.39,Completed,3/28/2024,3/10/2024
1357,Justin Bowman,UK,Printer,648.87,Completed,4/1/2024,3/24/2024
1358,Cynthia Herman,Australia,Keyboard,525.08,Completed,5/21/2023,5/1/2023
1359,Candace Harris,India,Printer,455.57,Active,NULL,7/6/2024
1360,Debra Hughes,Australia,Keyboard,332.05,Completed,8/12/2024,7/23/2024
1361,Laurie Figueroa,Canada,Monitor,815.41,Active,NULL,8/20/2022
1362,Jeffrey Sims,Brazil,Laptop,187.79,Active,NULL,3/31/2023
1363,Stacey Brown,Japan,Tablet,289.22,Completed,6/7/2024,5/20/2024
1364,Justin Bowman,USA,Headphones,189.16,Completed,2/10/2023,2/9/2023
1365,Catherine Roberts,France,Keyboard,689.41,Completed,11/12/2022,11/6/2022
1366,Debra Hughes,France,Monitor,999.55,Completed,9/4/2022,8/29/2022
1367,James Moore,India,Laptop,744.52,Completed,9/25/2022,9/13/2022
1368,Justin Bowman,USA,Printer,870.05,Completed,6/11/2023,6/10/2023
1369,Jessica White,Brazil,Webcam,107.7,Completed,11/27/2023,11/23/2023
1370,Sandra Henderson,India,Printer,838.87,Completed,11/21/2022,11/9/2022
1371,Gabriel Vasquez,Germany,Webcam,913.41,Active,NULL,3/2/2023
1372,Gabriel Vasquez,Japan,Tablet,540.61,Completed,12/14/2022,11/26/2022
1373,Laurie Figueroa,USA,Smartphone,886.32,Completed,6/22/2023,6/21/2023
1374,Jeffrey Sims,Brazil,Monitor,814.7,Completed,1/13/2023,1/9/2023
1375,Bonnie Lucero,Germany,Headphones,643.31,Completed,2/3/2023,1/24/2023
1376,Jeffrey Sims,China,Mouse,609.17,Completed,6/6/2024,5/22/2024
1377,Stacey Brown,Germany,Headphones,759.99,Active,NULL,10/6/2022
1378,Kayla Banks,UK,Speaker,870.54,Completed,11/4/2023,10/27/2023
1379,Kayla Banks,Germany,Printer,253.9,Completed,8/7/2024,7/28/2024
1380,Jeffrey Rivera,Canada,Keyboard,344.54,Active,NULL,10/13/2023
1381,Cynthia Herman,USA,Speaker,330.69,Active,NULL,11/3/2022
1382,Brandon Richards,India,Keyboard,523.22,Completed,4/11/2024,3/30/2024
1383,Sandra Henderson,Canada,Monitor,762.34,Completed,6/11/2023,6/9/2023
1384,Bonnie Lucero,India,Smartphone,315.41,Completed,7/7/2023,6/25/2023
1385,Kevin King,USA,Tablet,585,Completed,3/16/2024,3/15/2024
1386,Kayla Banks,Canada,Tablet,263.21,Completed,12/2/2023,11/30/2023
1387,Justin Bowman,USA,Keyboard,320.99,Active,NULL,11/10/2022
1388,Jeffery Mills,France,Laptop,233.55,Completed,12/28/2023,12/22/2023
1389,Sandra Henderson,China,Webcam,445.7,Completed,1/13/2023,12/29/2022
1390,Michelle Garrett,Australia,Printer,481.59,Active,NULL,2/3/2024
1391,Stacey Brown,France,Webcam,608.32,Active,NULL,12/16/2022
1392,Candace Harris,Japan,Keyboard,484.8,Completed,2/6/2024,1/19/2024
1393,James Moore,UK,Smartphone,364.67,Completed,12/16/2023,12/8/2023
1394,Jeffrey Rivera,USA,Headphones,852.17,Active,NULL,2/2/2023
1395,Stacey Brown,India,Tablet,354.54,Completed,10/1/2022,9/19/2022
1396,Bonnie Lucero,USA,Webcam,893.45,Completed,12/25/2022,12/24/2022
1397,Michelle Garrett,France,Headphones,821.43,Completed,8/2/2024,7/27/2024
1398,Justin Bowman,China,Keyboard,984.91,Completed,9/27/2023,9/12/2023
1399,Bonnie Lucero,Japan,Monitor,823.49,Completed,7/3/2023,6/15/2023
1400,Candace Harris,France,Webcam,601.52,Completed,6/12/2023,6/6/2023
1401,Jeffrey Rivera,Australia,Printer,300.18,Completed,12/15/2023,11/25/2023
1402,Erin Arnold,Australia,Printer,628.14,Active,NULL,7/23/2023
1403,Candace Harris,France,Webcam,792.02,Completed,12/22/2023,12/16/2023
1404,Bonnie Lucero,USA,Webcam,734.89,Completed,11/7/2022,11/6/2022
1405,Jeffrey Rivera,Australia,Mouse,598.73,Completed,2/15/2024,1/26/2024
1406,Bonnie Lucero,France,Laptop,776.42,Completed,3/20/2023,3/14/2023
1407,James Moore,Canada,Laptop,445.29,Completed,2/14/2024,2/12/2024
1408,Gabriel Vasquez,Germany,Printer,511.08,Completed,9/8/2023,8/29/2023
1409,Gabriel Vasquez,Brazil,Keyboard,457.14,Completed,10/1/2022,9/27/2022
1410,Erin Arnold,Germany,Mouse,606.3,Completed,6/7/2023,5/28/2023
1411,Gabriel Vasquez,Japan,Keyboard,458.99,Active,NULL,9/7/2022
1412,Stacey Brown,Canada,Monitor,943.12,Completed,6/2/2023,5/31/2023
1413,Brandon Richards,Australia,Tablet,805.5,Completed,10/9/2023,9/19/2023
1414,Jeffrey Rivera,UK,Headphones,776.03,Completed,11/17/2023,11/9/2023
1415,Jessica White,France,Laptop,970.79,Active,NULL,7/20/2023
1416,Candace Harris,UK,Laptop,796.98,Completed,5/6/2024,4/28/2024
1417,Jessica White,India,Laptop,979.27,Active,NULL,11/6/2023
1418,Jessica White,Germany,Monitor,265.77,Completed,6/25/2023,6/15/2023
1419,Jessica White,Japan,Mouse,342.13,Active,NULL,6/19/2023
1420,Sandra Henderson,UK,Speaker,350.55,Active,NULL,12/25/2022
1421,Jeffrey Rivera,Canada,Headphones,806.81,Completed,5/22/2023,5/20/2023
1422,Erin Arnold,Japan,Webcam,984.31,Completed,5/24/2023,5/6/2023
1423,Kevin King,Canada,Webcam,463.54,Active,NULL,1/25/2023
1424,Debra Hughes,India,Webcam,717.26,Active,NULL,6/16/2024
1425,Cynthia Herman,France,Monitor,951.03,Active,NULL,12/28/2022
1426,Catherine Roberts,Japan,Mouse,699.76,Active,NULL,3/31/2024
1427,Gabriel Vasquez,Australia,Tablet,196.3,Completed,1/3/2023,12/14/2022
1428,Justin Bowman,UK,Headphones,321.03,Completed,11/7/2022,10/30/2022
1429,Erin Arnold,France,Mouse,874.78,Active,NULL,3/7/2023
1430,Brandon Richards,Canada,Keyboard,503.09,Completed,4/3/2023,4/1/2023
1431,Erin Arnold,Japan,Keyboard,726.39,Completed,7/25/2024,7/7/2024
1432,Sandra Henderson,Australia,Printer,747.82,Active,NULL,12/5/2023
1433,Bonnie Lucero,China,Laptop,827.49,Completed,4/22/2024,4/7/2024
1434,Kevin King,Brazil,Tablet,494.57,Active,NULL,8/12/2022
1435,Kayla Banks,Brazil,Monitor,480.61,Completed,6/21/2024,6/17/2024
1436,James Moore,France,Tablet,883.4,Completed,2/1/2023,1/26/2023
1437,Catherine Roberts,Japan,Laptop,472.66,Completed,5/22/2024,5/4/2024
1438,Laurie Figueroa,UK,Tablet,839.19,Completed,4/26/2024,4/18/2024
1439,Stacey Brown,France,Keyboard,353.51,Completed,11/19/2022,11/13/2022
1440,Stacey Brown,UK,Smartphone,231.26,Active,NULL,8/16/2022
1441,Jeffrey Rivera,Australia,Smartphone,452.56,Completed,6/19/2023,5/30/2023
1442,Catherine Roberts,Canada,Monitor,321.33,Completed,3/15/2024,3/13/2024
1443,James Moore,Brazil,Speaker,492.82,Active,NULL,2/20/2024
1444,Brandon Richards,Australia,Mouse,366.38,Completed,3/1/2024,2/10/2024
1445,Gabriel Vasquez,USA,Mouse,694.36,Completed,10/8/2022,10/7/2022
1446,Jeffery Mills,Brazil,Smartphone,798.72,Active,NULL,9/21/2023
1447,Kayla Banks,France,Smartphone,800.89,Completed,11/3/2022,10/28/2022
1448,Jeffery Mills,Australia,Webcam,917.95,Active,NULL,3/13/2023
1449,Justin Bowman,Japan,Tablet,621.87,Completed,1/2/2023,12/15/2022
1450,Laurie Figueroa,UK,Headphones,316.19,Completed,11/12/2022,11/4/2022
1451,Candace Harris,Brazil,Headphones,587.23,Completed,5/5/2023,5/1/2023
1452,Cynthia Herman,India,Speaker,253.75,Active,NULL,1/24/2024
1453,Gabriel Vasquez,India,Mouse,997.47,Active,NULL,5/11/2024
1454,Jeffrey Rivera,Japan,Laptop,905.73,Active,NULL,1/4/2023
1455,Jeffery Mills,USA,Laptop,784.68,Completed,9/7/2022,9/6/2022
1456,Candace Harris,India,Headphones,753.42,Completed,10/29/2023,10/17/2023
1457,Kevin King,UK,Keyboard,882.91,Active,NULL,6/23/2023
1458,Jeffery Mills,USA,Keyboard,168.34,Completed,8/30/2023,8/29/2023
1459,Gabriel Vasquez,Japan,Speaker,700.81,Active,NULL,11/18/2022
1460,Gabriel Vasquez,Brazil,Mouse,491.41,Active,NULL,10/17/2023
1461,Debra Hughes,France,Speaker,322.91,Active,NULL,11/13/2022
1462,Gabriel Vasquez,USA,Printer,141.68,Completed,6/4/2024,6/3/2024
1463,Jeffrey Sims,Japan,Laptop,558.93,Completed,11/12/2023,10/25/2023
1464,Kayla Banks,India,Mouse,531.63,Completed,9/2/2022,8/21/2022
1465,Catherine Roberts,Germany,Speaker,630.59,Completed,2/25/2024,2/15/2024
1466,Michelle Garrett,Brazil,Webcam,204.9,Active,NULL,4/12/2023
1467,Jeffrey Rivera,Japan,Webcam,494.36,Active,NULL,8/9/2023
1468,Jessica White,Brazil,Mouse,944.91,Completed,3/4/2024,2/29/2024
1469,Kayla Banks,Germany,Tablet,445.73,Completed,1/17/2023,1/7/2023
1470,Laurie Figueroa,Australia,Headphones,819.25,Completed,12/21/2023,12/1/2023
1471,Michelle Garrett,France,Keyboard,327.01,Completed,12/5/2022,11/29/2022
1472,Jeffery Mills,USA,Printer,801.36,Completed,10/3/2023,10/2/2023
1473,Kevin King,USA,Smartphone,418.31,Active,NULL,8/26/2022
1474,Gabriel Vasquez,Japan,Keyboard,211.35,Completed,11/24/2023,11/6/2023
1475,Gabriel Vasquez,Brazil,Monitor,117.86,Completed,3/1/2023,2/25/2023
1476,Jessica White,India,Smartphone,288.21,Completed,9/14/2022,9/2/2022
1477,Laurie Figueroa,UK,Mouse,423.66,Active,NULL,10/24/2022
1478,Cynthia Herman,China,Smartphone,737.2,Completed,3/28/2024,3/13/2024
1479,Candace Harris,Australia,Keyboard,888.35,Completed,6/17/2024,5/28/2024
1480,Justin Bowman,France,Keyboard,521.8,Active,NULL,7/10/2023
1481,Kevin King,India,Monitor,813.26,Completed,4/17/2024,4/5/2024
1482,Debra Hughes,UK,Printer,528.01,Completed,1/7/2024,12/30/2023
1483,James Moore,USA,Laptop,308.08,Completed,9/19/2023,9/18/2023
1484,Erin Arnold,USA,Smartphone,917.11,Completed,8/29/2023,8/28/2023
1485,Erin Arnold,France,Keyboard,101.73,Active,NULL,11/8/2022
1486,Jeffery Mills,China,Speaker,884.58,Completed,2/8/2023,1/24/2023
1487,Candace Harris,Canada,Smartphone,873.04,Active,NULL,4/5/2024
1488,Bonnie Lucero,Japan,Smartphone,375.53,Active,NULL,5/17/2024
1489,Kevin King,France,Printer,437.73,Completed,7/29/2024,7/23/2024
1490,Michelle Garrett,China,Printer,765.97,Active,NULL,10/31/2023
1491,Jeffrey Sims,Canada,Keyboard,593.73,Completed,7/5/2023,7/3/2023
1492,James Moore,India,Speaker,360.88,Active,NULL,4/14/2023
1493,Cynthia Herman,Canada,Monitor,166.76,Completed,11/6/2023,11/4/2023
1494,Brandon Richards,India,Mouse,218.87,Completed,5/8/2023,4/26/2023
1495,Erin Arnold,France,Webcam,886.06,Active,NULL,11/7/2022
1496,Jessica White,Canada,Keyboard,284.34,Completed,8/15/2022,8/13/2022
1497,Debra Hughes,India,Speaker,137.03,Completed,3/12/2023,2/28/2023
1498,Candace Harris,Germany,Keyboard,922.35,Completed,8/10/2024,7/31/2024
1499,James Moore,Germany,Keyboard,287.1,Active,NULL,11/11/2023
1500,Jessica White,Canada,Speaker,930.04,Completed,11/18/2022,11/16/2022
1501,Laurie Figueroa,Canada,Keyboard,991.81,Completed,3/24/2023,3/22/2023
1502,Brandon Richards,France,Speaker,348.23,Active,NULL,2/6/2024
1503,Jeffery Mills,Australia,Speaker,563.48,Active,NULL,12/19/2022
1504,Erin Arnold,UK,Keyboard,295.11,Active,NULL,8/29/2022
1505,Candace Harris,Canada,Speaker,277.36,Active,NULL,6/10/2023
1506,Candace Harris,Germany,Keyboard,348.31,Completed,6/8/2023,5/29/2023
1507,Justin Bowman,Japan,Tablet,811.29,Completed,11/23/2022,11/5/2022
1508,Bonnie Lucero,India,Speaker,709.4,Completed,11/25/2022,11/13/2022
1509,Gabriel Vasquez,Germany,Smartphone,979.91,Completed,9/23/2022,9/13/2022
1510,Jessica White,Japan,Speaker,618.88,Active,NULL,7/21/2023
1511,Kevin King,Japan,Laptop,335.46,Active,NULL,8/6/2022
1512,Erin Arnold,Japan,Smartphone,615.94,Completed,4/27/2024,4/9/2024
1513,Bonnie Lucero,UK,Printer,270.38,Active,NULL,12/29/2023
1514,Candace Harris,Canada,Headphones,702.99,Completed,10/6/2023,10/4/2023
1515,Justin Bowman,USA,Speaker,883.29,Completed,7/5/2023,7/4/2023
1516,Erin Arnold,UK,Laptop,611.8,Active,NULL,8/27/2022
1517,Stacey Brown,Japan,Headphones,392.16,Completed,11/28/2023,11/10/2023
1518,Erin Arnold,UK,Webcam,536.86,Completed,9/24/2023,9/16/2023
1519,Brandon Richards,Canada,Speaker,755.44,Completed,12/20/2023,12/18/2023
1520,Jessica White,Australia,Tablet,142.18,Completed,3/8/2023,2/16/2023
1521,Brandon Richards,France,Keyboard,469.51,Completed,8/20/2023,8/14/2023
1522,Justin Bowman,Germany,Headphones,834.88,Completed,10/10/2022,9/30/2022
1523,Erin Arnold,India,Webcam,175.96,Completed,1/15/2023,1/3/2023
1524,Kayla Banks,China,Headphones,851.81,Active,NULL,2/16/2023
1525,Stacey Brown,France,Tablet,480.31,Active,NULL,3/13/2024
1526,Justin Bowman,UK,Monitor,209.8,Completed,5/27/2024,5/19/2024
1527,Jeffrey Sims,USA,Monitor,256.98,Active,NULL,9/8/2023
1528,Jessica White,UK,Laptop,992.78,Completed,5/6/2023,4/28/2023
1529,Brandon Richards,France,Monitor,163.55,Completed,9/22/2023,9/16/2023
1530,Stacey Brown,China,Monitor,239.74,Completed,3/14/2024,2/28/2024
1531,Jessica White,Brazil,Printer,182.91,Completed,10/27/2023,10/23/2023
1532,Jeffrey Rivera,Australia,Headphones,939.79,Completed,4/11/2023,3/22/2023
1533,Gabriel Vasquez,France,Mouse,747.96,Active,NULL,4/23/2023
1534,Jeffrey Sims,Japan,Keyboard,449.25,Completed,10/27/2023,10/9/2023
1535,Brandon Richards,USA,Laptop,954.73,Completed,7/3/2023,7/2/2023
1536,Kayla Banks,Canada,Webcam,603.14,Completed,7/5/2023,7/3/2023
1537,Justin Bowman,USA,Tablet,881.15,Completed,12/9/2023,12/8/2023
1538,Brandon Richards,China,Webcam,357.49,Completed,5/8/2024,4/23/2024
1539,Stacey Brown,Germany,Printer,415.9,Completed,11/7/2023,10/28/2023
1540,James Moore,India,Monitor,628.05,Completed,12/3/2023,11/21/2023
1541,Justin Bowman,France,Speaker,636.56,Completed,2/2/2024,1/27/2024
1542,Jeffrey Sims,Canada,Headphones,957.03,Completed,4/4/2024,4/2/2024
1543,Kevin King,Germany,Headphones,639.38,Active,NULL,10/27/2022
1544,Bonnie Lucero,Germany,Speaker,280.06,Completed,11/24/2023,11/14/2023
1545,Jessica White,Germany,Speaker,791.14,Active,NULL,11/4/2023
1546,Stacey Brown,Japan,Keyboard,661.79,Completed,3/5/2024,2/16/2024
1547,Cynthia Herman,Germany,Printer,581.26,Completed,1/6/2024,12/27/2023
1548,Justin Bowman,USA,Tablet,205.39,Completed,12/3/2022,12/2/2022
1549,Catherine Roberts,China,Monitor,710.64,Completed,1/13/2024,12/29/2023
1550,Justin Bowman,USA,Speaker,877.73,Completed,3/23/2024,3/22/2024
1551,Kayla Banks,China,Smartphone,924.82,Completed,8/2/2024,7/18/2024
1552,Jeffery Mills,UK,Smartphone,910.67,Completed,1/22/2024,1/14/2024
1553,Gabriel Vasquez,Australia,Smartphone,334.63,Completed,11/15/2022,10/26/2022
1554,Debra Hughes,Canada,Smartphone,695.02,Active,NULL,6/25/2024
1555,Jeffrey Sims,India,Headphones,967.18,Active,NULL,1/15/2023
1556,Justin Bowman,Canada,Smartphone,959.89,Active,NULL,10/16/2022
1557,Jeffrey Rivera,UK,Smartphone,747.54,Completed,9/29/2023,9/21/2023
1558,Sandra Henderson,India,Monitor,222.14,Active,NULL,9/15/2022
1559,Kayla Banks,Canada,Printer,172.51,Active,NULL,1/5/2024
1560,Debra Hughes,Canada,Speaker,237.2,Completed,4/26/2024,4/24/2024
1561,Catherine Roberts,India,Laptop,606.73,Completed,11/3/2023,10/22/2023
1562,Bonnie Lucero,India,Tablet,845.67,Completed,5/28/2023,5/16/2023
1563,Erin Arnold,Canada,Laptop,885.3,Completed,9/28/2022,9/26/2022
1564,Brandon Richards,Japan,Printer,978.35,Active,NULL,3/4/2024
1565,Cynthia Herman,France,Laptop,547.34,Active,NULL,5/29/2024
1566,Bonnie Lucero,Australia,Monitor,752.18,Completed,12/7/2023,11/17/2023
1567,Kayla Banks,USA,Speaker,747.74,Completed,12/29/2022,12/28/2022
1568,Sandra Henderson,China,Speaker,248.25,Active,NULL,9/15/2022
1569,Stacey Brown,Brazil,Mouse,947.95,Completed,7/14/2023,7/10/2023
1570,Jessica White,USA,Printer,337.14,Completed,1/18/2023,1/17/2023
1571,James Moore,Japan,Smartphone,495.64,Completed,6/18/2024,5/31/2024
1572,Kevin King,Brazil,Printer,523.17,Active,NULL,5/29/2024
1573,Laurie Figueroa,USA,Headphones,847.64,Active,NULL,12/15/2023
1574,Jeffery Mills,India,Speaker,487.41,Active,NULL,8/26/2022
1575,Catherine Roberts,Japan,Headphones,565.85,Active,NULL,2/22/2024
1576,Stacey Brown,India,Headphones,383.71,Completed,1/25/2024,1/13/2024
1577,Debra Hughes,China,Monitor,849.59,Active,NULL,10/10/2022
1578,Jeffery Mills,France,Laptop,886.68,Completed,8/15/2023,8/9/2023
1579,Cynthia Herman,USA,Monitor,463.31,Completed,1/2/2024,1/1/2024
1580,Bonnie Lucero,UK,Mouse,173.48,Completed,1/27/2024,1/19/2024
1581,Michelle Garrett,China,Headphones,931.56,Active,NULL,4/23/2024
1582,Michelle Garrett,Germany,Mouse,687.32,Active,NULL,10/6/2023
1583,Justin Bowman,Japan,Printer,494.3,Completed,9/21/2022,9/3/2022
1584,Jeffery Mills,France,Monitor,346.87,Completed,4/8/2023,4/2/2023
1585,Kayla Banks,India,Laptop,146.1,Completed,8/8/2023,7/27/2023
1586,Catherine Roberts,Japan,Speaker,566.45,Completed,12/27/2023,12/9/2023
1587,Jeffrey Rivera,USA,Headphones,914.26,Active,NULL,9/22/2023
1588,Jeffrey Sims,UK,Headphones,894.78,Completed,12/27/2023,12/19/2023
1589,Kayla Banks,USA,Webcam,198.55,Completed,8/8/2022,8/7/2022
1590,Catherine Roberts,India,Smartphone,871.08,Active,NULL,9/18/2023
1591,Brandon Richards,India,Monitor,124.14,Completed,12/5/2022,11/23/2022
1592,Kayla Banks,Australia,Headphones,503.45,Active,NULL,9/13/2023
1593,Laurie Figueroa,Japan,Printer,451.92,Active,NULL,4/29/2023
1594,James Moore,India,Keyboard,499.07,Completed,12/10/2022,11/28/2022
1595,Debra Hughes,China,Mouse,551.66,Completed,8/21/2023,8/6/2023
1596,Cynthia Herman,USA,Mouse,426.03,Active,NULL,12/27/2022
1597,Jessica White,Canada,Tablet,276.21,Completed,4/15/2024,4/13/2024
1598,Bonnie Lucero,Japan,Webcam,985.72,Completed,7/18/2024,6/30/2024
1599,Jeffrey Sims,Canada,Mouse,707.42,Active,NULL,1/18/2024
1600,Michelle Garrett,Japan,Laptop,890.55,Completed,2/2/2023,1/15/2023
1601,Jeffery Mills,Germany,Tablet,958.25,Completed,6/13/2023,6/3/2023
1602,Jeffrey Rivera,Japan,Speaker,800.29,Completed,3/22/2024,3/4/2024
1603,Cynthia Herman,France,Printer,755,Completed,2/19/2024,2/13/2024
1604,Gabriel Vasquez,Japan,Smartphone,747.69,Completed,2/7/2024,1/20/2024
1605,Gabriel Vasquez,Canada,Mouse,242.8,Completed,11/9/2023,11/7/2023
1606,Erin Arnold,India,Keyboard,564.72,Active,NULL,2/13/2024
1607,Gabriel Vasquez,Japan,Mouse,648.32,Active,NULL,6/24/2024
1608,Bonnie Lucero,India,Speaker,178.78,Completed,10/10/2023,9/28/2023
1609,Candace Harris,Japan,Keyboard,323.58,Completed,4/11/2024,3/24/2024
1610,Stacey Brown,USA,Headphones,687.16,Active,NULL,3/21/2024
1611,Stacey Brown,Canada,Webcam,981.95,Active,NULL,5/9/2023
1612,Gabriel Vasquez,India,Mouse,706.59,Completed,2/10/2023,1/29/2023
1613,James Moore,Brazil,Tablet,198.16,Active,NULL,3/17/2023
1614,Erin Arnold,India,Smartphone,150.6,Completed,5/29/2024,5/17/2024
1615,Jeffrey Rivera,China,Keyboard,721.51,Completed,5/7/2024,4/22/2024
1616,Brandon Richards,China,Monitor,699.3,Active,NULL,10/26/2023
1617,Cynthia Herman,Germany,Speaker,695.3,Active,NULL,6/27/2023
1618,Jeffrey Rivera,Germany,Tablet,402.26,Completed,3/5/2024,2/24/2024
1619,Cynthia Herman,USA,Headphones,587.82,Completed,1/27/2024,1/26/2024
1620,Stacey Brown,Brazil,Webcam,378.06,Active,NULL,2/11/2024
1621,Jeffrey Sims,France,Webcam,250.88,Completed,7/24/2024,7/18/2024
1622,Gabriel Vasquez,China,Tablet,496.98,Active,NULL,3/27/2023
1623,Bonnie Lucero,China,Speaker,279.71,Active,NULL,1/16/2024
1624,Jeffery Mills,France,Webcam,730.52,Completed,8/11/2023,8/5/2023
1625,Jeffery Mills,Germany,Mouse,589.9,Completed,1/21/2023,1/11/2023
1626,Stacey Brown,Japan,Headphones,475.15,Completed,9/30/2023,9/12/2023
1627,James Moore,Brazil,Keyboard,244.99,Active,NULL,1/23/2024
1628,Jessica White,China,Tablet,723.17,Completed,10/27/2022,10/12/2022
1629,Jeffrey Sims,USA,Webcam,326.02,Completed,6/28/2023,6/27/2023
1630,Laurie Figueroa,India,Printer,831.87,Completed,9/2/2023,8/21/2023
1631,Stacey Brown,UK,Keyboard,933.59,Active,NULL,3/5/2023
1632,Laurie Figueroa,China,Monitor,670.24,Active,NULL,10/22/2023
1633,Kayla Banks,France,Keyboard,728.72,Completed,7/8/2024,7/2/2024
1634,Bonnie Lucero,Brazil,Monitor,139.92,Completed,7/17/2023,7/13/2023
1635,Erin Arnold,China,Printer,603.56,Completed,9/22/2022,9/7/2022
1636,Candace Harris,Japan,Mouse,407.84,Completed,5/14/2024,4/26/2024
1637,Jeffrey Sims,India,Monitor,486.54,Active,NULL,1/3/2024
1638,Justin Bowman,Canada,Headphones,994.74,Active,NULL,11/14/2022
1639,Kayla Banks,France,Speaker,359.12,Active,NULL,1/13/2023
1640,Brandon Richards,USA,Headphones,830.69,Completed,4/14/2023,4/13/2023
1641,Jessica White,China,Printer,824.97,Active,NULL,6/22/2024
1642,Debra Hughes,Germany,Laptop,119.04,Active,NULL,9/19/2023
1643,Cynthia Herman,Australia,Keyboard,888.9,Completed,6/23/2023,6/3/2023
1644,Sandra Henderson,Canada,Printer,590.28,Active,NULL,5/5/2023
1645,Laurie Figueroa,Brazil,Speaker,115.85,Active,NULL,9/15/2023
1646,Erin Arnold,Canada,Printer,461.18,Completed,10/21/2022,10/19/2022
1647,Bonnie Lucero,India,Webcam,850.41,Completed,7/20/2023,7/8/2023
1648,Michelle Garrett,Australia,Printer,331.18,Completed,9/10/2022,8/21/2022
1649,Gabriel Vasquez,Canada,Headphones,655.77,Completed,5/22/2023,5/20/2023
1650,Brandon Richards,India,Laptop,635.22,Completed,8/5/2024,7/24/2024
1651,Debra Hughes,Canada,Tablet,490.84,Completed,9/5/2022,9/3/2022
1652,Kevin King,Canada,Smartphone,678.51,Completed,1/12/2023,1/10/2023
1653,Sandra Henderson,UK,Monitor,193.45,Active,NULL,1/20/2023
1654,Cynthia Herman,India,Printer,965.72,Completed,1/19/2023,1/7/2023
1655,Erin Arnold,USA,Headphones,123.73,Completed,8/13/2023,8/12/2023
1656,Jeffrey Sims,India,Smartphone,981.95,Completed,2/6/2024,1/25/2024
1657,Stacey Brown,India,Webcam,622.93,Completed,2/11/2024,1/30/2024
1658,Justin Bowman,France,Laptop,110.74,Completed,1/11/2023,1/5/2023
1659,Catherine Roberts,Japan,Tablet,646.38,Active,NULL,2/2/2023
1660,Laurie Figueroa,Brazil,Laptop,167.93,Completed,8/9/2024,8/5/2024
1661,Debra Hughes,Canada,Webcam,146.48,Completed,10/1/2022,9/29/2022
1662,Brandon Richards,USA,Laptop,914.6,Active,NULL,12/2/2023
1663,Brandon Richards,India,Tablet,959.74,Completed,10/5/2023,9/23/2023
1664,Stacey Brown,India,Keyboard,642.1,Active,NULL,6/5/2023
1665,Stacey Brown,Canada,Laptop,174.15,Completed,7/15/2023,7/13/2023
1666,Laurie Figueroa,Australia,Laptop,129.24,Active,NULL,7/11/2023
1667,Jeffery Mills,China,Speaker,542.88,Completed,11/16/2022,11/1/2022
1668,Kevin King,France,Monitor,542.14,Completed,10/24/2022,10/18/2022
1669,Brandon Richards,Germany,Keyboard,824.51,Active,NULL,9/28/2022
1670,Cynthia Herman,UK,Headphones,965.46,Completed,3/2/2023,2/22/2023
1671,Jeffrey Rivera,Germany,Monitor,844.01,Completed,2/9/2023,1/30/2023
1672,Jessica White,Brazil,Keyboard,279.18,Completed,3/22/2023,3/18/2023
1673,James Moore,Japan,Smartphone,153.18,Completed,7/29/2024,7/11/2024
1674,Gabriel Vasquez,Australia,Laptop,916.62,Completed,9/3/2022,8/14/2022
1675,Jeffrey Sims,Brazil,Tablet,257.24,Active,NULL,5/20/2023
1676,Cynthia Herman,UK,Monitor,641.68,Completed,5/31/2023,5/23/2023
1677,Justin Bowman,France,Monitor,473.59,Active,NULL,10/21/2023
1678,Michelle Garrett,Australia,Smartphone,261.73,Active,NULL,5/22/2023
1679,Cynthia Herman,Brazil,Headphones,417.68,Completed,3/2/2024,2/27/2024
1680,Erin Arnold,India,Speaker,918.61,Active,NULL,12/14/2023
1681,Kayla Banks,Brazil,Smartphone,226.19,Completed,1/12/2023,1/8/2023
1682,Justin Bowman,USA,Speaker,594.48,Active,NULL,5/1/2023
1683,Gabriel Vasquez,Japan,Keyboard,914.1,Active,NULL,5/30/2024
1684,James Moore,India,Laptop,613.36,Completed,4/20/2023,4/8/2023
1685,Catherine Roberts,India,Keyboard,137.32,Active,NULL,8/12/2023
1686,Erin Arnold,USA,Mouse,110.55,Completed,5/2/2023,5/1/2023
1687,Jeffery Mills,France,Headphones,979.33,Completed,10/27/2023,10/21/2023
1688,Debra Hughes,India,Smartphone,582.53,Active,NULL,10/17/2023
1689,Brandon Richards,Brazil,Monitor,201.24,Completed,5/24/2023,5/20/2023
1690,Cynthia Herman,Australia,Keyboard,955.38,Active,NULL,5/18/2024
1691,Kevin King,Brazil,Laptop,528.37,Completed,3/28/2023,3/24/2023
1692,Kayla Banks,USA,Smartphone,553.16,Completed,9/22/2022,9/21/2022
1693,Cynthia Herman,India,Monitor,667.56,Completed,1/11/2024,12/30/2023
1694,Justin Bowman,Japan,Laptop,526.97,Active,NULL,5/1/2023
1695,Kevin King,Japan,Mouse,986.98,Active,NULL,9/15/2023
1696,Jeffrey Sims,China,Mouse,533.97,Completed,9/3/2022,8/19/2022
1697,Kayla Banks,Japan,Mouse,491.95,Completed,1/6/2023,12/19/2022
1698,Cynthia Herman,China,Smartphone,539.36,Active,NULL,10/19/2022
1699,Michelle Garrett,USA,Keyboard,281.4,Completed,4/20/2024,4/19/2024
1700,Cynthia Herman,France,Laptop,121.25,Completed,10/24/2022,10/18/2022
1701,Debra Hughes,Canada,Smartphone,968.5,Active,NULL,7/18/2024
1702,Gabriel Vasquez,USA,Keyboard,197.03,Completed,8/4/2024,8/3/2024
1703,Jeffrey Sims,UK,Headphones,297.28,Completed,5/23/2024,5/15/2024
1704,Candace Harris,France,Laptop,570.04,Completed,1/14/2024,1/8/2024
1705,Debra Hughes,Canada,Headphones,840.04,Completed,3/19/2023,3/17/2023
1706,Jeffrey Sims,China,Laptop,449.74,Completed,1/10/2024,12/26/2023
1707,Catherine Roberts,China,Printer,935.19,Completed,1/14/2023,12/30/2022
1708,Erin Arnold,USA,Monitor,871.2,Active,NULL,12/15/2023
1709,Stacey Brown,USA,Printer,201.44,Completed,10/16/2023,10/15/2023
1710,Erin Arnold,China,Headphones,240.49,Active,NULL,4/24/2024
1711,Erin Arnold,Brazil,Speaker,111.11,Completed,1/30/2024,1/26/2024
1712,Sandra Henderson,France,Tablet,583.95,Completed,3/23/2024,3/17/2024
1713,Kayla Banks,France,Mouse,542.34,Active,NULL,7/4/2023
1714,Erin Arnold,USA,Monitor,287.53,Active,NULL,11/10/2023
1715,Kayla Banks,Canada,Keyboard,453.81,Completed,2/29/2024,2/27/2024
1716,Catherine Roberts,Canada,Webcam,574.9,Active,NULL,5/15/2023
1717,Cynthia Herman,India,Webcam,444.23,Active,NULL,8/21/2022
1718,Debra Hughes,China,Tablet,597.16,Completed,7/3/2024,6/18/2024
1719,Sandra Henderson,Australia,Monitor,328.52,Active,NULL,3/19/2024
1720,Stacey Brown,USA,Printer,851.76,Completed,7/9/2023,7/8/2023
1721,Jessica White,USA,Smartphone,286.92,Completed,5/2/2023,5/1/2023
1722,Sandra Henderson,Brazil,Speaker,702.93,Completed,6/6/2023,6/2/2023
1723,Erin Arnold,Brazil,Mouse,861.38,Completed,6/26/2023,6/22/2023
1724,Stacey Brown,China,Mouse,110.56,Active,NULL,9/20/2023
1725,Brandon Richards,UK,Mouse,862.73,Completed,2/24/2023,2/16/2023
1726,Laurie Figueroa,Germany,Speaker,680.21,Active,NULL,7/25/2023
1727,Bonnie Lucero,France,Monitor,279.66,Active,NULL,11/11/2022
1728,Catherine Roberts,Australia,Mouse,266.46,Completed,9/11/2023,8/22/2023
1729,Gabriel Vasquez,Brazil,Monitor,978.43,Completed,6/16/2023,6/12/2023
1730,Jeffery Mills,Canada,Webcam,968.18,Completed,5/21/2023,5/19/2023
1731,Bonnie Lucero,Brazil,Mouse,536.33,Active,NULL,10/20/2022
1732,Sandra Henderson,India,Speaker,486.78,Completed,8/14/2023,8/2/2023
1733,James Moore,Germany,Printer,301.72,Active,NULL,3/10/2024
1734,Brandon Richards,Brazil,Smartphone,858.48,Completed,9/10/2023,9/6/2023
1735,James Moore,India,Laptop,459.8,Completed,3/16/2023,3/4/2023
1736,Stacey Brown,France,Laptop,151.58,Completed,3/7/2023,3/1/2023
1737,Cynthia Herman,France,Laptop,615.44,Completed,10/23/2023,10/17/2023
1738,Debra Hughes,Brazil,Mouse,640.72,Completed,6/18/2023,6/14/2023
1739,Catherine Roberts,China,Tablet,128.78,Completed,6/21/2024,6/6/2024
1740,Erin Arnold,France,Printer,916.64,Completed,7/15/2024,7/9/2024
1741,Michelle Garrett,India,Speaker,683.64,Active,NULL,2/3/2023
1742,James Moore,France,Webcam,401.1,Completed,5/14/2024,5/8/2024
1743,Bonnie Lucero,Japan,Speaker,121.58,Completed,6/9/2024,5/22/2024
1744,Bonnie Lucero,China,Smartphone,118.33,Completed,12/21/2022,12/6/2022
1745,Debra Hughes,UK,Printer,951.81,Active,NULL,5/3/2023
1746,Debra Hughes,Japan,Tablet,483.04,Completed,8/16/2024,7/29/2024
1747,James Moore,Japan,Smartphone,837.55,Completed,9/27/2023,9/9/2023
1748,Jeffrey Sims,India,Tablet,156.22,Completed,11/5/2023,10/24/2023
1749,Jeffery Mills,Australia,Webcam,963.26,Active,NULL,5/3/2023
1750,Stacey Brown,UK,Keyboard,921.83,Completed,1/13/2024,1/5/2024
1751,Brandon Richards,France,Smartphone,964.76,Completed,5/17/2024,5/11/2024
1752,Bonnie Lucero,China,Smartphone,607.7,Completed,11/23/2022,11/8/2022
1753,Cynthia Herman,Australia,Headphones,966.4,Completed,5/20/2023,4/30/2023
1754,Stacey Brown,France,Laptop,585.58,Completed,3/8/2024,3/2/2024
1755,Erin Arnold,France,Smartphone,921.69,Completed,10/20/2022,10/14/2022
1756,Michelle Garrett,India,Smartphone,393.17,Active,NULL,4/9/2024
1757,Justin Bowman,UK,Tablet,632.31,Active,NULL,4/3/2024
1758,Jeffrey Sims,Brazil,Headphones,485.71,Active,NULL,4/8/2024
1759,Jessica White,India,Webcam,163.77,Completed,10/30/2022,10/18/2022
1760,Kayla Banks,Japan,Webcam,277.75,Completed,12/3/2023,11/15/2023
1761,Debra Hughes,Canada,Printer,205.44,Completed,7/8/2024,7/6/2024
1762,Jessica White,France,Mouse,143.56,Completed,2/6/2024,1/31/2024
1763,Catherine Roberts,Brazil,Monitor,533.01,Active,NULL,4/22/2024
1764,Stacey Brown,Germany,Speaker,586.05,Active,NULL,1/11/2024
1765,Erin Arnold,Japan,Smartphone,953.07,Completed,5/5/2023,4/17/2023
1766,Catherine Roberts,Canada,Smartphone,439.18,Completed,2/14/2024,2/12/2024
1767,Bonnie Lucero,UK,Mouse,999.09,Completed,9/19/2022,9/11/2022
1768,Kayla Banks,UK,Smartphone,902.13,Active,NULL,10/12/2023
1769,Jeffrey Sims,Canada,Mouse,888.5,Completed,2/4/2024,2/2/2024
1770,Jeffrey Rivera,Australia,Webcam,878.37,Completed,6/8/2024,5/19/2024
1771,Catherine Roberts,France,Laptop,405.3,Completed,11/2/2023,10/27/2023
1772,James Moore,Australia,Keyboard,907.24,Active,NULL,4/3/2023
1773,Catherine Roberts,China,Tablet,344.44,Completed,3/26/2023,3/11/2023
1774,Erin Arnold,Australia,Laptop,360.72,Completed,3/25/2024,3/5/2024
1775,Jessica White,Japan,Printer,264.31,Completed,9/6/2023,8/19/2023
1776,Stacey Brown,Australia,Webcam,185.17,Completed,8/5/2024,7/16/2024
1777,Erin Arnold,Canada,Smartphone,601.17,Completed,5/9/2023,5/7/2023
1778,Gabriel Vasquez,Brazil,Printer,381.93,Completed,5/26/2024,5/22/2024
1779,Brandon Richards,France,Headphones,321.11,Active,NULL,4/8/2023
1780,Candace Harris,UK,Laptop,915.39,Active,NULL,10/16/2022
1781,Cynthia Herman,Germany,Laptop,233.55,Completed,5/15/2024,5/5/2024
1782,Bonnie Lucero,India,Keyboard,562.76,Completed,6/7/2024,5/26/2024
1783,Sandra Henderson,Germany,Mouse,332.61,Active,NULL,10/5/2022
1784,Bonnie Lucero,China,Tablet,309.11,Completed,5/19/2023,5/4/2023
1785,Stacey Brown,Germany,Laptop,668.91,Active,NULL,10/19/2023
1786,Jeffrey Rivera,China,Monitor,307.88,Completed,3/6/2024,2/20/2024
1787,Jeffery Mills,Canada,Speaker,589.43,Completed,6/21/2024,6/19/2024
1788,Stacey Brown,USA,Webcam,749.08,Completed,6/26/2024,6/25/2024
1789,Laurie Figueroa,France,Printer,171.61,Completed,2/24/2023,2/18/2023
1790,Sandra Henderson,UK,Headphones,445.66,Completed,7/22/2024,7/14/2024
1791,Justin Bowman,Germany,Keyboard,703.71,Completed,5/30/2023,5/20/2023
1792,Jessica White,Canada,Monitor,325.23,Active,NULL,11/17/2022
1793,Jeffrey Sims,Australia,Webcam,987.5,Completed,3/3/2023,2/11/2023
1794,Jessica White,UK,Webcam,337.33,Active,NULL,9/25/2023
1795,Kayla Banks,USA,Monitor,455.52,Completed,1/17/2023,1/16/2023
1796,James Moore,Germany,Mouse,735.89,Active,NULL,10/27/2022
1797,Sandra Henderson,Japan,Tablet,507.67,Completed,10/6/2022,9/18/2022
1798,Justin Bowman,China,Smartphone,358.4,Completed,8/26/2023,8/11/2023
1799,Jeffrey Sims,Canada,Laptop,395.63,Completed,7/13/2024,7/11/2024
1800,Gabriel Vasquez,India,Speaker,289.48,Completed,8/19/2022,8/7/2022
1801,Brandon Richards,Australia,Printer,135.6,Completed,9/3/2023,8/14/2023
1802,Sandra Henderson,Japan,Tablet,830,Completed,7/2/2023,6/14/2023
1803,Jeffrey Sims,Canada,Headphones,432.99,Completed,11/6/2023,11/4/2023
1804,Cynthia Herman,Canada,Smartphone,295.38,Completed,7/6/2023,7/4/2023
1805,Brandon Richards,Brazil,Printer,635.95,Completed,11/3/2022,10/30/2022
1806,Brandon Richards,India,Speaker,421.2,Completed,8/5/2024,7/24/2024
1807,Stacey Brown,Australia,Headphones,534.69,Completed,1/28/2024,1/8/2024
1808,Catherine Roberts,India,Headphones,843.41,Completed,5/2/2024,4/20/2024
1809,Michelle Garrett,China,Monitor,590.87,Active,NULL,9/23/2022
1810,Jeffrey Rivera,Japan,Monitor,575.93,Active,NULL,11/19/2022
1811,Gabriel Vasquez,France,Keyboard,311.49,Active,NULL,11/18/2023
1812,Brandon Richards,Germany,Headphones,925.7,Completed,5/27/2024,5/17/2024
1813,Brandon Richards,Germany,Webcam,440.57,Completed,7/5/2023,6/25/2023
1814,Cynthia Herman,Germany,Speaker,917.1,Completed,10/28/2023,10/18/2023
1815,James Moore,UK,Keyboard,894.72,Completed,6/21/2024,6/13/2024
1816,Jessica White,USA,Headphones,661.88,Completed,12/7/2022,12/6/2022
1817,Erin Arnold,China,Smartphone,842.05,Active,NULL,7/3/2024
1818,Debra Hughes,France,Laptop,786.38,Active,NULL,6/19/2023
1819,Jeffrey Sims,USA,Webcam,135.55,Completed,4/3/2023,4/2/2023
1820,Bonnie Lucero,Australia,Mouse,573.91,Completed,9/22/2023,9/2/2023
1821,Jeffrey Sims,France,Speaker,736.45,Completed,4/21/2023,4/15/2023
1822,Debra Hughes,Germany,Headphones,492.72,Completed,10/4/2022,9/24/2022
1823,Jessica White,Germany,Mouse,834.99,Completed,2/17/2024,2/7/2024
1824,Jessica White,Australia,Headphones,196.85,Completed,6/12/2023,5/23/2023
1825,Sandra Henderson,China,Printer,879.3,Completed,10/28/2022,10/13/2022
1826,James Moore,India,Webcam,548.21,Completed,12/31/2023,12/19/2023
1827,Erin Arnold,Japan,Monitor,729.42,Completed,1/26/2024,1/8/2024
1828,Bonnie Lucero,Germany,Laptop,233.86,Completed,7/28/2024,7/18/2024
1829,Erin Arnold,India,Keyboard,405.39,Completed,3/30/2024,3/18/2024
1830,Sandra Henderson,Australia,Keyboard,966.66,Active,NULL,7/20/2023
1831,Erin Arnold,UK,Monitor,728.58,Completed,7/7/2023,6/29/2023
1832,Laurie Figueroa,Australia,Headphones,460.11,Completed,3/17/2023,2/25/2023
1833,Jeffrey Sims,USA,Laptop,772.25,Completed,8/15/2022,8/14/2022
1834,Michelle Garrett,Germany,Laptop,673.07,Completed,1/26/2024,1/16/2024
1835,Debra Hughes,UK,Keyboard,744.7,Active,NULL,10/18/2023
1836,Stacey Brown,China,Headphones,401.82,Active,NULL,4/26/2023
1837,Cynthia Herman,France,Smartphone,423.6,Completed,7/7/2023,7/1/2023
1838,Jeffery Mills,USA,Speaker,703.02,Completed,3/12/2023,3/11/2023
1839,Jessica White,USA,Printer,948.6,Completed,9/15/2022,9/14/2022
1840,Michelle Garrett,Japan,Printer,923.24,Completed,6/10/2024,5/23/2024
1841,Brandon Richards,China,Monitor,181.17,Active,NULL,3/17/2023
1842,Stacey Brown,Brazil,Webcam,113.78,Completed,4/14/2024,4/10/2024
1843,Debra Hughes,France,Mouse,433.75,Completed,11/21/2022,11/15/2022
1844,Cynthia Herman,Australia,Tablet,651.1,Active,NULL,11/2/2023
1845,Jeffery Mills,USA,Webcam,270.07,Completed,6/28/2024,6/27/2024
1846,Jeffrey Sims,Australia,Tablet,536.52,Completed,2/10/2024,1/21/2024
1847,Gabriel Vasquez,India,Mouse,991.31,Active,NULL,12/6/2022
1848,Laurie Figueroa,India,Webcam,828.48,Completed,8/11/2023,7/30/2023
1849,Gabriel Vasquez,India,Headphones,529.79,Completed,4/22/2024,4/10/2024
1850,Jessica White,Brazil,Keyboard,264.25,Completed,9/2/2023,8/29/2023
1851,Michelle Garrett,India,Laptop,168.81,Completed,7/17/2023,7/5/2023
1852,Erin Arnold,Germany,Monitor,337.59,Completed,4/21/2024,4/11/2024
1853,Gabriel Vasquez,Australia,Mouse,114.39,Active,NULL,8/18/2022
1854,Brandon Richards,Brazil,Monitor,977.95,Active,NULL,11/26/2022
1855,Bonnie Lucero,Brazil,Mouse,525.39,Active,NULL,1/8/2024
1856,Sandra Henderson,USA,Tablet,279.72,Completed,2/4/2023,2/3/2023
1857,Kayla Banks,China,Laptop,796.25,Active,NULL,5/30/2024
1858,Bonnie Lucero,France,Smartphone,268.04,Completed,5/31/2023,5/25/2023
1859,Jeffery Mills,France,Printer,697.39,Completed,11/7/2023,11/1/2023
1860,Jeffrey Rivera,Canada,Headphones,230.82,Completed,4/9/2024,4/7/2024
1861,Brandon Richards,India,Mouse,316.25,Completed,4/18/2023,4/6/2023
1862,Gabriel Vasquez,China,Printer,632.08,Completed,11/12/2022,10/28/2022
1863,Kayla Banks,India,Monitor,386.23,Completed,3/18/2023,3/6/2023
1864,Justin Bowman,Australia,Speaker,249.6,Completed,1/6/2023,12/17/2022
1865,Catherine Roberts,Canada,Speaker,828.04,Completed,6/26/2023,6/24/2023
1866,Jessica White,Canada,Mouse,777.59,Active,NULL,7/21/2023
1867,Jeffrey Rivera,UK,Printer,583.21,Completed,1/6/2024,12/29/2023
1868,Gabriel Vasquez,Japan,Laptop,406.64,Active,NULL,3/28/2023
1869,Jeffery Mills,Japan,Keyboard,139.23,Completed,10/8/2022,9/20/2022
1870,Sandra Henderson,Germany,Mouse,988.15,Completed,9/13/2022,9/3/2022
1871,Debra Hughes,Australia,Mouse,915.81,Completed,11/6/2022,10/17/2022
1872,Jeffrey Rivera,Australia,Tablet,566.34,Completed,6/10/2023,5/21/2023
1873,Stacey Brown,Brazil,Speaker,810.01,Active,NULL,11/7/2022
1874,Jeffrey Sims,China,Headphones,874.52,Active,NULL,11/4/2022
1875,Erin Arnold,India,Monitor,555.43,Active,NULL,7/31/2024
1876,Sandra Henderson,Brazil,Headphones,352.38,Active,NULL,2/25/2023
1877,Debra Hughes,USA,Headphones,268.73,Completed,12/12/2023,12/11/2023
1878,Michelle Garrett,UK,Headphones,882.27,Active,NULL,4/11/2024
1879,Candace Harris,USA,Mouse,449.25,Completed,8/15/2023,8/14/2023
1880,Jeffrey Rivera,China,Mouse,950.81,Completed,9/6/2023,8/22/2023
1881,Gabriel Vasquez,USA,Headphones,571.25,Active,NULL,12/17/2023
1882,Cynthia Herman,Brazil,Monitor,436.19,Active,NULL,11/17/2022
1883,Catherine Roberts,Germany,Printer,904.92,Completed,5/12/2024,5/2/2024
1884,Gabriel Vasquez,Brazil,Monitor,862.87,Completed,5/28/2024,5/24/2024
1885,Jeffery Mills,USA,Keyboard,384.64,Completed,12/13/2023,12/12/2023
1886,James Moore,Germany,Webcam,213.52,Completed,5/1/2024,4/21/2024
1887,Brandon Richards,Australia,Printer,589.77,Completed,9/29/2022,9/9/2022
1888,Kayla Banks,Brazil,Printer,398.65,Completed,12/10/2023,12/6/2023
1889,Candace Harris,Canada,Keyboard,755.06,Active,NULL,3/3/2024
1890,Kayla Banks,Japan,Headphones,705.81,Active,NULL,9/23/2023
1891,Jessica White,France,Mouse,586.51,Active,NULL,12/16/2022
1892,James Moore,India,Monitor,887.94,Completed,6/25/2023,6/13/2023
1893,Michelle Garrett,France,Headphones,670.25,Completed,6/18/2023,6/12/2023
1894,Sandra Henderson,USA,Mouse,201.72,Active,NULL,11/18/2023
1895,Bonnie Lucero,India,Webcam,318.4,Completed,4/22/2023,4/10/2023
1896,Kevin King,Japan,Webcam,525.66,Active,NULL,8/30/2022
1897,Debra Hughes,UK,Laptop,747.11,Completed,9/14/2023,9/6/2023
1898,Jessica White,Canada,Printer,257.03,Completed,3/5/2024,3/3/2024
1899,Jeffrey Rivera,Brazil,Webcam,679.34,Completed,11/8/2023,11/4/2023
1900,Brandon Richards,India,Speaker,314.11,Completed,12/17/2022,12/5/2022
1901,Kayla Banks,Brazil,Headphones,262.53,Completed,7/17/2023,7/13/2023
1902,Bonnie Lucero,Canada,Tablet,556.44,Completed,8/26/2022,8/24/2022
1903,Jeffrey Sims,Brazil,Speaker,634.56,Active,NULL,5/7/2024
1904,Sandra Henderson,Brazil,Smartphone,856.54,Completed,7/12/2024,7/8/2024
1905,Jeffery Mills,Japan,Speaker,542.38,Completed,6/20/2024,6/2/2024
1906,Cynthia Herman,Japan,Headphones,145.88,Completed,11/9/2022,10/22/2022
1907,Jeffery Mills,Germany,Tablet,511.94,Active,NULL,4/21/2024
1908,Candace Harris,Canada,Mouse,364.21,Completed,4/30/2023,4/28/2023
1909,Debra Hughes,Brazil,Keyboard,885.29,Active,NULL,6/14/2024
1910,Debra Hughes,USA,Keyboard,685.32,Completed,8/8/2022,8/7/2022
1911,Laurie Figueroa,UK,Mouse,511.65,Active,NULL,4/18/2023
1912,Justin Bowman,Australia,Webcam,723.66,Completed,4/30/2024,4/10/2024
1913,Debra Hughes,Canada,Mouse,983.32,Completed,11/28/2023,11/26/2023
1914,Justin Bowman,Australia,Speaker,888.76,Active,NULL,11/4/2023
1915,Catherine Roberts,UK,Headphones,309.43,Completed,10/21/2022,10/13/2022
1916,James Moore,UK,Smartphone,476.43,Active,NULL,6/8/2024
1917,Brandon Richards,Japan,Tablet,667.88,Active,NULL,6/7/2023
1918,Michelle Garrett,Germany,Speaker,698.91,Completed,2/5/2023,1/26/2023
1919,Jessica White,UK,Headphones,748.5,Active,NULL,4/19/2023
1920,Kayla Banks,India,Laptop,982.4,Active,NULL,2/5/2023
1921,Sandra Henderson,India,Headphones,533.34,Completed,11/1/2023,10/20/2023
1922,Michelle Garrett,UK,Headphones,990.39,Completed,4/10/2024,4/2/2024
1923,Candace Harris,Australia,Laptop,237.99,Completed,4/28/2023,4/8/2023
1924,Candace Harris,UK,Speaker,135.71,Completed,7/9/2024,7/1/2024
1925,Bonnie Lucero,Australia,Printer,658.19,Completed,11/25/2023,11/5/2023
1926,Kayla Banks,Australia,Webcam,124.24,Active,NULL,9/16/2023
1927,Jeffrey Rivera,Canada,Webcam,879.99,Completed,6/13/2023,6/11/2023
1928,Jeffrey Rivera,France,Keyboard,197.04,Active,NULL,11/19/2022
1929,Cynthia Herman,India,Monitor,192.81,Completed,8/29/2022,8/17/2022
1930,Jessica White,China,Printer,631.86,Active,NULL,12/24/2022
1931,Kevin King,China,Laptop,782.89,Active,NULL,6/17/2023
1932,Kevin King,China,Mouse,554.85,Completed,6/1/2023,5/17/2023
1933,James Moore,Australia,Laptop,681.34,Completed,6/25/2024,6/5/2024
1934,Catherine Roberts,India,Speaker,512.86,Active,NULL,10/29/2022
1935,Laurie Figueroa,Japan,Smartphone,143.97,Active,NULL,3/22/2024
1936,Jeffrey Rivera,UK,Headphones,196.62,Completed,9/27/2022,9/19/2022
1937,James Moore,France,Headphones,524.67,Completed,11/20/2023,11/14/2023
1938,Stacey Brown,UK,Speaker,848.64,Completed,3/28/2024,3/20/2024
1939,Gabriel Vasquez,Canada,Speaker,591.31,Completed,8/7/2024,8/5/2024
1940,Jeffrey Rivera,USA,Smartphone,135.99,Active,NULL,12/4/2022
1941,Kayla Banks,USA,Speaker,630.24,Completed,8/5/2023,8/4/2023
1942,Stacey Brown,India,Printer,513.24,Active,NULL,7/7/2023
1943,Jeffrey Sims,UK,Smartphone,928.34,Completed,6/24/2023,6/16/2023
1944,Candace Harris,India,Laptop,741.83,Completed,3/26/2024,3/14/2024
1945,Debra Hughes,UK,Webcam,511.55,Active,NULL,10/2/2022
1946,James Moore,Australia,Webcam,592.78,Completed,11/13/2022,10/24/2022
1947,Justin Bowman,France,Printer,653.77,Completed,1/21/2023,1/15/2023
1948,Cynthia Herman,France,Laptop,664.26,Active,NULL,10/1/2023
1949,Brandon Richards,Japan,Keyboard,370.88,Completed,11/13/2023,10/26/2023
1950,Cynthia Herman,China,Keyboard,373.2,Completed,1/31/2024,1/16/2024
1951,Bonnie Lucero,Brazil,Tablet,423.05,Active,NULL,6/24/2023
1952,Justin Bowman,Japan,Laptop,433.87,Completed,6/28/2023,6/10/2023
1953,Brandon Richards,Japan,Monitor,496.72,Completed,4/11/2024,3/24/2024
1954,Erin Arnold,Australia,Mouse,206.93,Active,NULL,8/30/2022
1955,Catherine Roberts,India,Monitor,315.36,Active,NULL,2/8/2024
1956,Candace Harris,Brazil,Monitor,114.73,Completed,12/16/2023,12/12/2023
1957,Michelle Garrett,USA,Speaker,226.59,Completed,11/2/2023,11/1/2023
1958,Bonnie Lucero,UK,Webcam,807.47,Completed,11/16/2022,11/8/2022
1959,Catherine Roberts,UK,Webcam,210.11,Completed,6/14/2024,6/6/2024
1960,Sandra Henderson,China,Printer,188.4,Completed,8/29/2023,8/14/2023
1961,Sandra Henderson,India,Headphones,826.96,Completed,7/17/2023,7/5/2023
1962,Laurie Figueroa,UK,Laptop,481.13,Active,NULL,9/5/2022
1963,Erin Arnold,Brazil,Keyboard,961.78,Completed,8/28/2023,8/24/2023
1964,Justin Bowman,USA,Mouse,204.84,Completed,11/15/2022,11/14/2022
1965,James Moore,Japan,Mouse,477.58,Completed,8/1/2023,7/14/2023
1966,Stacey Brown,India,Keyboard,328.97,Completed,2/3/2024,1/22/2024
1967,Debra Hughes,China,Mouse,323.21,Active,NULL,6/14/2023
1968,Jeffrey Rivera,Canada,Keyboard,486.71,Completed,7/11/2023,7/9/2023
1969,Cynthia Herman,Germany,Keyboard,901.08,Completed,7/2/2024,6/22/2024
1970,Jessica White,France,Speaker,439.45,Active,NULL,8/30/2023
1971,Michelle Garrett,Japan,Keyboard,260.96,Active,NULL,9/27/2023
1972,Stacey Brown,Canada,Webcam,744.55,Completed,2/21/2023,2/19/2023
1973,Brandon Richards,USA,Tablet,463.46,Completed,10/20/2022,10/19/2022
1974,Jeffery Mills,Australia,Printer,637.7,Completed,3/27/2024,3/7/2024
1975,Kevin King,Japan,Tablet,812.65,Completed,2/29/2024,2/11/2024
1976,Stacey Brown,France,Laptop,832.79,Active,NULL,9/5/2022
1977,Sandra Henderson,USA,Smartphone,654.57,Completed,2/26/2023,2/25/2023
1978,Bonnie Lucero,Australia,Monitor,737.1,Completed,4/24/2023,4/4/2023
1979,Laurie Figueroa,USA,Keyboard,553.84,Completed,6/30/2024,6/29/2024
1980,Cynthia Herman,India,Smartphone,785.9,Completed,9/19/2022,9/7/2022
1981,Jeffrey Rivera,Canada,Monitor,563.47,Active,NULL,3/21/2023
1982,Candace Harris,UK,Webcam,126.21,Completed,8/2/2023,7/25/2023
1983,Jeffery Mills,Germany,Mouse,901.58,Completed,3/11/2024,3/1/2024
1984,Jeffrey Rivera,Germany,Headphones,518.56,Active,NULL,10/19/2023
1985,Sandra Henderson,Japan,Headphones,803.95,Active,NULL,11/16/2022
1986,Candace Harris,India,Headphones,235.67,Completed,12/4/2022,11/22/2022
1987,Debra Hughes,Australia,Printer,887.3,Completed,10/16/2023,9/26/2023
1988,Bonnie Lucero,Japan,Smartphone,407.11,Completed,10/2/2022,9/14/2022
1989,Michelle Garrett,Brazil,Mouse,330.47,Active,NULL,9/20/2022
1990,Stacey Brown,Canada,Keyboard,290.34,Completed,7/23/2023,7/21/2023
1991,Justin Bowman,France,Keyboard,213.18,Active,NULL,8/19/2023
1992,Bonnie Lucero,India,Laptop,565.83,Completed,10/14/2023,10/2/2023
1993,Catherine Roberts,France,Monitor,634.92,Completed,5/29/2024,5/23/2024
1994,Brandon Richards,Brazil,Headphones,579.01,Completed,3/7/2024,3/3/2024
1995,Brandon Richards,China,Webcam,961.99,Completed,12/21/2023,12/6/2023
1996,Jeffery Mills,Germany,Headphones,795.22,Completed,11/24/2023,11/14/2023
1997,Sandra Henderson,China,Printer,740.21,Completed,6/10/2024,5/26/2024
1998,Stacey Brown,Japan,Speaker,997.94,Active,NULL,12/4/2023
1999,Cynthia Herman,UK,Printer,882.85,Completed,11/26/2022,11/18/2022
2000,Candace Harris,USA,Headphones,403.53,Completed,6/14/2023,6/13/2023
2001,Jeffery Mills,India,Monitor,382.08,Completed,5/4/2023,4/22/2023
2002,Erin Arnold,India,Speaker,307.57,Completed,7/24/2023,7/12/2023
2003,Debra Hughes,Australia,Keyboard,225.43,Completed,2/13/2023,1/24/2023
2004,Stacey Brown,UK,Webcam,659.18,Completed,6/21/2024,6/13/2024
2005,Debra Hughes,USA,Tablet,300.79,Completed,3/16/2023,3/15/2023
2006,Gabriel Vasquez,Canada,Monitor,763.37,Active,NULL,9/22/2023
2007,Stacey Brown,UK,Smartphone,982.44,Active,NULL,3/31/2024
2008,Candace Harris,France,Mouse,402.17,Completed,9/11/2023,9/5/2023
2009,Catherine Roberts,Australia,Tablet,283.24,Active,NULL,9/11/2023
2010,Catherine Roberts,Japan,Keyboard,921.91,Active,NULL,7/5/2023
2011,Kevin King,Brazil,Mouse,671.11,Active,NULL,8/3/2023
2012,Jeffery Mills,Brazil,Laptop,913.17,Active,NULL,6/6/2024
2013,Bonnie Lucero,USA,Tablet,160.27,Completed,4/11/2024,4/10/2024
2014,Erin Arnold,Canada,Tablet,565.82,Completed,3/30/2024,3/28/2024
2015,Jeffery Mills,Canada,Monitor,306.85,Completed,11/26/2023,11/24/2023
2016,Debra Hughes,Japan,Webcam,214.49,Active,NULL,7/8/2023
2017,James Moore,France,Monitor,335.1,Active,NULL,2/21/2023
2018,Kevin King,Germany,Laptop,119.09,Completed,10/25/2022,10/15/2022
2019,Debra Hughes,India,Printer,930.47,Completed,12/31/2022,12/19/2022
2020,Erin Arnold,Brazil,Printer,244.89,Completed,6/11/2024,6/7/2024
2021,Jeffrey Sims,Canada,Speaker,109.94,Completed,6/4/2023,6/2/2023
2022,Justin Bowman,Japan,Tablet,119.47,Completed,2/21/2023,2/3/2023
2023,Kayla Banks,France,Speaker,599.54,Completed,6/21/2024,6/15/2024
2024,Erin Arnold,India,Webcam,422.36,Completed,7/8/2023,6/26/2023
2025,Catherine Roberts,Canada,Tablet,998.35,Completed,5/22/2023,5/20/2023
2026,James Moore,France,Printer,559.13,Active,NULL,5/25/2023
2027,Justin Bowman,Australia,Mouse,561.42,Completed,1/4/2024,12/15/2023
2028,Cynthia Herman,USA,Smartphone,160.47,Completed,5/25/2024,5/24/2024
2029,Michelle Garrett,Australia,Tablet,141.87,Active,NULL,1/8/2023
2030,Sandra Henderson,USA,Keyboard,268.36,Completed,1/17/2024,1/16/2024
2031,Debra Hughes,USA,Laptop,846.21,Active,NULL,4/6/2024
2032,Laurie Figueroa,USA,Headphones,401.32,Active,NULL,10/23/2022
2033,Candace Harris,Australia,Smartphone,278.43,Completed,1/12/2024,12/23/2023
2034,Bonnie Lucero,Japan,Monitor,772.18,Active,NULL,4/15/2024
2035,Brandon Richards,Japan,Monitor,195.76,Active,NULL,6/23/2023
2036,Bonnie Lucero,USA,Webcam,563.52,Completed,7/25/2023,7/24/2023
2037,Jeffrey Sims,Germany,Webcam,701.02,Active,NULL,12/26/2023
2038,Jessica White,Japan,Printer,312.23,Completed,10/21/2022,10/3/2022
2039,Jeffrey Sims,India,Keyboard,850.8,Completed,6/29/2023,6/17/2023
2040,Kayla Banks,Japan,Printer,419.03,Active,NULL,4/1/2023
2041,Jeffrey Sims,France,Speaker,758.26,Completed,8/26/2023,8/20/2023
2042,Cynthia Herman,Brazil,Smartphone,368.8,Completed,8/11/2023,8/7/2023
2043,Jeffrey Rivera,Canada,Mouse,669.12,Active,NULL,12/24/2023
2044,James Moore,USA,Laptop,435.47,Completed,5/5/2024,5/4/2024
2045,James Moore,France,Keyboard,763.82,Completed,12/23/2022,12/17/2022
2046,Candace Harris,Canada,Smartphone,233.5,Completed,3/15/2024,3/13/2024
2047,Jeffery Mills,USA,Webcam,305.83,Completed,3/10/2024,3/9/2024
2048,Gabriel Vasquez,France,Smartphone,649.51,Completed,5/15/2023,5/9/2023
2049,Jeffrey Sims,Canada,Laptop,386.93,Completed,6/21/2023,6/19/2023
2050,Debra Hughes,Canada,Mouse,823.84,Completed,3/20/2024,3/18/2024
2051,Gabriel Vasquez,China,Tablet,967.06,Completed,6/28/2023,6/13/2023
2052,Cynthia Herman,Japan,Keyboard,748.67,Completed,11/20/2022,11/2/2022
2053,Debra Hughes,Canada,Printer,193.22,Active,NULL,5/26/2023
2054,Justin Bowman,UK,Keyboard,885.88,Completed,8/27/2022,8/19/2022
2055,Gabriel Vasquez,Brazil,Speaker,471.29,Completed,5/3/2023,4/29/2023
2056,Jeffrey Sims,China,Printer,460.31,Active,NULL,8/16/2022
2057,Jeffrey Sims,Brazil,Keyboard,222.09,Completed,9/28/2023,9/24/2023
2058,Catherine Roberts,France,Mouse,351.32,Active,NULL,11/22/2022
2059,Erin Arnold,China,Smartphone,309.54,Completed,12/15/2023,11/30/2023
2060,Laurie Figueroa,Japan,Speaker,588.28,Completed,6/18/2024,5/31/2024
2061,Kayla Banks,Canada,Headphones,760.46,Completed,1/16/2023,1/14/2023
2062,Michelle Garrett,Germany,Tablet,524.48,Active,NULL,5/3/2023
2063,Candace Harris,Japan,Laptop,125.62,Completed,11/7/2022,10/20/2022
2064,Bonnie Lucero,Canada,Monitor,736.42,Completed,9/1/2023,8/30/2023
2065,Jeffery Mills,Australia,Mouse,552.78,Active,NULL,4/28/2024
2066,Gabriel Vasquez,Germany,Keyboard,273.95,Completed,2/21/2024,2/11/2024
2067,Michelle Garrett,India,Keyboard,144.92,Completed,6/11/2023,5/30/2023
2068,Jeffrey Rivera,UK,Mouse,836.29,Completed,4/21/2023,4/13/2023
2069,Justin Bowman,Australia,Speaker,126.39,Active,NULL,12/19/2023
2070,Erin Arnold,Australia,Webcam,453.17,Active,NULL,2/24/2024
2071,Stacey Brown,USA,Keyboard,652.38,Active,NULL,4/11/2023
2072,Michelle Garrett,Japan,Smartphone,506.95,Completed,2/9/2024,1/22/2024
2073,Brandon Richards,Japan,Printer,299.95,Completed,8/15/2024,7/28/2024
2074,Laurie Figueroa,Canada,Webcam,508.54,Completed,3/20/2023,3/18/2023
2075,Catherine Roberts,Australia,Laptop,122.25,Active,NULL,2/9/2023
2076,Laurie Figueroa,China,Laptop,837.03,Completed,11/17/2023,11/2/2023
2077,Jeffrey Sims,Brazil,Headphones,469.32,Completed,9/23/2023,9/19/2023
2078,Jeffrey Rivera,Brazil,Printer,872.33,Active,NULL,6/21/2023
2079,Catherine Roberts,France,Webcam,135.87,Completed,2/22/2024,2/16/2024
2080,Debra Hughes,France,Webcam,465.64,Completed,3/24/2024,3/18/2024
2081,Jeffrey Sims,USA,Printer,647.96,Active,NULL,1/11/2023
2082,Stacey Brown,China,Laptop,158.36,Active,NULL,9/18/2023
2083,Kayla Banks,Canada,Smartphone,384.01,Completed,5/1/2023,4/29/2023
2084,Bonnie Lucero,USA,Keyboard,174.59,Completed,10/4/2023,10/3/2023
2085,Stacey Brown,Germany,Mouse,404.76,Active,NULL,4/12/2023
2086,Michelle Garrett,USA,Webcam,990.84,Completed,12/24/2022,12/23/2022
2087,Debra Hughes,Germany,Tablet,535.04,Completed,7/15/2023,7/5/2023
2088,Jeffrey Sims,Australia,Smartphone,305.36,Completed,4/24/2024,4/4/2024
2089,Gabriel Vasquez,UK,Smartphone,357.29,Completed,4/3/2023,3/26/2023
2090,James Moore,Canada,Smartphone,247.37,Completed,8/15/2023,8/13/2023
2091,Kayla Banks,China,Laptop,344.04,Completed,12/4/2023,11/19/2023
2092,Cynthia Herman,Brazil,Mouse,855.66,Completed,4/1/2024,3/28/2024
2093,Debra Hughes,Japan,Laptop,549.25,Completed,8/22/2023,8/4/2023
2094,Cynthia Herman,Brazil,Monitor,617.39,Active,NULL,12/14/2022
2095,Jeffery Mills,USA,Monitor,179.47,Completed,2/12/2024,2/11/2024
2096,Laurie Figueroa,Canada,Smartphone,421.82,Completed,6/8/2023,6/6/2023
2097,Catherine Roberts,Japan,Mouse,559.14,Active,NULL,10/18/2023
2098,Cynthia Herman,UK,Keyboard,374.68,Completed,6/9/2023,6/1/2023
2099,Catherine Roberts,UK,Smartphone,804.22,Completed,5/13/2024,5/5/2024
2100,Jessica White,China,Headphones,428.51,Active,NULL,10/21/2022
2101,Catherine Roberts,Japan,Headphones,142.85,Completed,10/12/2022,9/24/2022
2102,Jeffrey Rivera,Canada,Speaker,948.55,Completed,7/13/2024,7/11/2024
2103,Kevin King,Brazil,Monitor,923.25,Active,NULL,5/20/2024
2104,Stacey Brown,Japan,Printer,784.42,Active,NULL,7/6/2023
2105,Debra Hughes,Australia,Monitor,884.26,Completed,3/20/2024,2/29/2024
2106,Sandra Henderson,India,Keyboard,927.36,Active,NULL,10/11/2022
2107,Kevin King,Brazil,Laptop,748.35,Completed,11/24/2022,11/20/2022
2108,Jessica White,UK,Keyboard,310.01,Active,NULL,6/27/2023
2109,Stacey Brown,Germany,Laptop,519.98,Active,NULL,4/4/2023
2110,Bonnie Lucero,Japan,Keyboard,556.09,Completed,2/25/2023,2/7/2023
2111,Sandra Henderson,Germany,Headphones,854.22,Active,NULL,10/21/2022
2112,Jeffery Mills,Brazil,Speaker,568.24,Completed,5/24/2023,5/20/2023
2113,Laurie Figueroa,China,Keyboard,890.55,Completed,5/20/2024,5/5/2024
2114,Erin Arnold,USA,Laptop,217.22,Completed,10/14/2023,10/13/2023
2115,Cynthia Herman,France,Tablet,755.41,Completed,12/16/2023,12/10/2023
2116,Kevin King,Japan,Tablet,554.53,Completed,10/19/2022,10/1/2022
2117,Jeffery Mills,Canada,Webcam,784.04,Completed,3/6/2024,3/4/2024
2118,Sandra Henderson,Brazil,Laptop,418.81,Completed,3/26/2023,3/22/2023
2119,Debra Hughes,India,Webcam,749.06,Completed,3/8/2023,2/24/2023
2120,Jeffrey Sims,UK,Smartphone,929.83,Completed,2/4/2023,1/27/2023
2121,Jeffrey Rivera,Canada,Laptop,632.29,Completed,6/21/2024,6/19/2024
2122,Gabriel Vasquez,UK,Tablet,774.24,Active,NULL,6/22/2023
2123,Jeffrey Sims,Australia,Laptop,665.42,Active,NULL,4/14/2024
2124,Jeffrey Sims,India,Mouse,455.77,Completed,7/7/2024,6/25/2024
2125,Brandon Richards,Australia,Monitor,415.6,Completed,10/26/2022,10/6/2022
2126,Cynthia Herman,France,Monitor,499.14,Completed,9/8/2022,9/2/2022
2127,Jeffrey Sims,China,Mouse,426.8,Completed,6/1/2023,5/17/2023
2128,Bonnie Lucero,Canada,Tablet,435.42,Active,NULL,8/21/2022
2129,Bonnie Lucero,Germany,Webcam,323.44,Completed,2/8/2023,1/29/2023
2130,Jeffrey Rivera,UK,Tablet,654.68,Active,NULL,10/29/2023
2131,Jeffery Mills,USA,Speaker,539.44,Completed,11/29/2022,11/28/2022
2132,Sandra Henderson,India,Tablet,764.58,Completed,4/6/2023,3/25/2023
2133,Michelle Garrett,India,Headphones,604.21,Completed,1/26/2024,1/14/2024
2134,Jeffrey Rivera,India,Printer,708.47,Completed,7/22/2023,7/10/2023
2135,Justin Bowman,UK,Headphones,438.35,Active,NULL,3/16/2023
2136,Sandra Henderson,China,Webcam,264.1,Completed,10/5/2022,9/20/2022
2137,Kevin King,Canada,Webcam,643.46,Completed,3/16/2023,3/14/2023
2138,Cynthia Herman,Germany,Headphones,959.93,Active,NULL,3/10/2024
2139,Jessica White,USA,Webcam,117.24,Completed,8/13/2023,8/12/2023
2140,Jeffrey Rivera,China,Monitor,547.09,Completed,12/30/2023,12/15/2023
2141,Cynthia Herman,Australia,Headphones,678.36,Completed,10/14/2023,9/24/2023
2142,Kevin King,Australia,Mouse,187.09,Completed,12/20/2022,11/30/2022
2143,Kevin King,India,Tablet,128.83,Active,NULL,9/30/2022
2144,Kayla Banks,UK,Laptop,879.25,Completed,7/16/2024,7/8/2024
2145,Jeffrey Rivera,Brazil,Monitor,311.7,Active,NULL,11/28/2022
2146,Gabriel Vasquez,India,Webcam,221.81,Active,NULL,6/20/2023
2147,Candace Harris,Canada,Printer,236.77,Completed,11/4/2023,11/2/2023
2148,Jeffrey Rivera,UK,Tablet,646.99,Completed,7/19/2024,7/11/2024
2149,Bonnie Lucero,Canada,Keyboard,158.3,Active,NULL,11/7/2022
2150,Jeffrey Rivera,Canada,Speaker,420.99,Completed,5/3/2024,5/1/2024
2151,Kayla Banks,Japan,Printer,220.41,Completed,2/5/2023,1/18/2023
2152,Bonnie Lucero,India,Webcam,873.89,Active,NULL,10/7/2022
2153,Kevin King,Australia,Headphones,499.78,Active,NULL,6/2/2023
2154,Candace Harris,Germany,Smartphone,614.28,Completed,2/11/2024,2/1/2024
2155,Stacey Brown,Germany,Mouse,126.22,Active,NULL,1/27/2023
2156,Laurie Figueroa,USA,Printer,398.6,Active,NULL,6/19/2024
2157,Justin Bowman,Japan,Monitor,232.63,Active,NULL,7/12/2024
2158,Bonnie Lucero,France,Tablet,668.43,Completed,9/6/2023,8/31/2023
2159,James Moore,UK,Monitor,743.57,Completed,9/25/2023,9/17/2023
2160,Sandra Henderson,Japan,Webcam,518.21,Completed,3/7/2023,2/17/2023
2161,Justin Bowman,Australia,Laptop,801.57,Active,NULL,10/5/2022
2162,Jeffrey Sims,Japan,Tablet,651.17,Active,NULL,11/3/2023
2163,Kayla Banks,Australia,Keyboard,186.98,Completed,7/19/2023,6/29/2023
2164,Laurie Figueroa,Brazil,Tablet,632.57,Completed,3/12/2023,3/8/2023
2165,Jeffery Mills,China,Tablet,893.21,Completed,2/15/2023,1/31/2023
2166,Michelle Garrett,USA,Smartphone,566.17,Active,NULL,7/16/2023
2167,James Moore,Australia,Keyboard,278.81,Completed,1/12/2024,12/23/2023
2168,Jeffrey Sims,Australia,Tablet,633.9,Completed,9/8/2022,8/19/2022
2169,Cynthia Herman,Australia,Speaker,103.23,Completed,7/2/2024,6/12/2024
2170,Stacey Brown,India,Monitor,738.29,Completed,10/26/2023,10/14/2023
2171,James Moore,Brazil,Webcam,794.63,Active,NULL,6/13/2023
2172,Kevin King,Brazil,Mouse,339.1,Active,NULL,5/17/2024
2173,Bonnie Lucero,India,Headphones,804.2,Completed,11/20/2023,11/8/2023
2174,Jeffrey Rivera,Canada,Mouse,153.88,Active,NULL,11/9/2023
2175,Kevin King,France,Printer,688.56,Completed,8/13/2023,8/7/2023
2176,Justin Bowman,China,Smartphone,936.79,Active,NULL,6/16/2024
2177,Brandon Richards,France,Webcam,944.97,Active,NULL,9/15/2022
2178,Erin Arnold,Brazil,Keyboard,625.29,Completed,12/4/2023,11/30/2023
2179,Erin Arnold,France,Monitor,898.33,Completed,6/26/2023,6/20/2023
2180,Laurie Figueroa,China,Printer,418.92,Completed,4/30/2023,4/15/2023
2181,Erin Arnold,Japan,Laptop,558.79,Completed,4/9/2023,3/22/2023
2182,Kevin King,USA,Headphones,267.18,Completed,5/25/2024,5/24/2024
2183,Catherine Roberts,UK,Printer,530.48,Completed,4/28/2023,4/20/2023
2184,Gabriel Vasquez,France,Smartphone,814.45,Completed,9/8/2022,9/2/2022
2185,Brandon Richards,France,Headphones,706.3,Active,NULL,9/30/2022
2186,Erin Arnold,USA,Monitor,397.16,Active,NULL,9/19/2023
2187,Candace Harris,Canada,Keyboard,719.41,Completed,2/18/2024,2/16/2024
2188,James Moore,Germany,Mouse,340.56,Completed,3/9/2024,2/28/2024
2189,Jeffrey Sims,France,Monitor,463.98,Completed,4/15/2023,4/9/2023
2190,Brandon Richards,Germany,Printer,296.98,Completed,11/14/2023,11/4/2023
2191,Kayla Banks,Australia,Speaker,730.97,Completed,2/8/2023,1/19/2023
2192,Stacey Brown,Australia,Monitor,282.42,Active,NULL,11/27/2023
2193,Justin Bowman,Japan,Smartphone,722.78,Completed,2/4/2023,1/17/2023
2194,Michelle Garrett,UK,Printer,234.89,Completed,10/10/2022,10/2/2022
2195,Gabriel Vasquez,Australia,Keyboard,708.39,Completed,3/17/2024,2/26/2024
2196,Gabriel Vasquez,China,Speaker,747.09,Completed,8/14/2024,7/30/2024
2197,Kayla Banks,Brazil,Keyboard,146.65,Active,NULL,11/14/2022
2198,Bonnie Lucero,USA,Headphones,243.41,Completed,7/3/2024,7/2/2024
2199,Brandon Richards,UK,Headphones,713.65,Active,NULL,1/2/2024
2200,Stacey Brown,Japan,Printer,429.59,Completed,10/10/2023,9/22/2023
2201,Cynthia Herman,France,Mouse,299.82,Active,NULL,5/27/2023
2202,Jessica White,UK,Monitor,827.5,Completed,4/5/2023,3/28/2023
2203,Cynthia Herman,France,Speaker,505.37,Active,NULL,4/10/2024
2204,Candace Harris,Canada,Laptop,855.75,Active,NULL,9/11/2022
2205,Jeffery Mills,India,Mouse,343.65,Active,NULL,5/17/2024
2206,Cynthia Herman,USA,Printer,939.31,Completed,10/28/2023,10/27/2023
2207,Catherine Roberts,Australia,Headphones,789.3,Active,NULL,12/25/2023
2208,Cynthia Herman,France,Speaker,309.68,Active,NULL,9/28/2023
2209,Kevin King,France,Tablet,688.38,Active,NULL,2/26/2023
2210,Jeffrey Rivera,Brazil,Webcam,587.44,Completed,10/27/2022,10/23/2022
2211,James Moore,Germany,Monitor,536.86,Completed,8/20/2023,8/10/2023
2212,Michelle Garrett,USA,Tablet,531.45,Active,NULL,11/17/2023
2213,Cynthia Herman,Australia,Smartphone,814.21,Active,NULL,1/5/2023
2214,Laurie Figueroa,USA,Printer,260.29,Active,NULL,8/2/2023
2215,Laurie Figueroa,India,Smartphone,560.21,Active,NULL,3/5/2024
2216,Laurie Figueroa,Brazil,Headphones,916.72,Completed,3/14/2023,3/10/2023
2217,Debra Hughes,USA,Mouse,154.69,Completed,4/19/2023,4/18/2023
2218,Jeffrey Rivera,Germany,Tablet,925.92,Completed,8/23/2022,8/13/2022
2219,Bonnie Lucero,Australia,Mouse,319.7,Active,NULL,5/23/2023
2220,Kevin King,India,Monitor,681.95,Active,NULL,9/9/2022
2221,Erin Arnold,UK,Printer,218.65,Active,NULL,7/21/2023
2222,Brandon Richards,Australia,Laptop,655.41,Completed,3/29/2023,3/9/2023
2223,Laurie Figueroa,Japan,Webcam,273.09,Active,NULL,7/31/2024
2224,James Moore,UK,Speaker,546.85,Completed,10/22/2022,10/14/2022
2225,Brandon Richards,China,Speaker,908.97,Completed,5/6/2024,4/21/2024
2226,Jeffrey Sims,France,Webcam,579.39,Completed,12/29/2023,12/23/2023
2227,Justin Bowman,Germany,Monitor,485.8,Completed,2/13/2024,2/3/2024
2228,Sandra Henderson,Canada,Monitor,717.36,Completed,7/27/2024,7/25/2024
2229,Erin Arnold,UK,Laptop,347.34,Completed,4/6/2023,3/29/2023
2230,Jeffrey Rivera,Canada,Headphones,567.35,Active,NULL,2/15/2023
2231,Michelle Garrett,France,Laptop,934.2,Completed,10/13/2023,10/7/2023
2232,Sandra Henderson,Australia,Tablet,658.14,Active,NULL,12/6/2023
2233,Brandon Richards,Japan,Laptop,713.99,Active,NULL,11/14/2023
2234,Jeffrey Rivera,Germany,Smartphone,483.61,Completed,4/9/2024,3/30/2024
2235,Jeffrey Rivera,Canada,Webcam,572.94,Active,NULL,3/15/2023
2236,Laurie Figueroa,France,Laptop,424.04,Active,NULL,6/19/2023
2237,Michelle Garrett,Brazil,Tablet,130.47,Completed,12/10/2022,12/6/2022
2238,Sandra Henderson,Germany,Monitor,178.73,Active,NULL,5/3/2023
2239,Jessica White,UK,Mouse,991.65,Completed,7/29/2023,7/21/2023
2240,Jeffrey Rivera,Brazil,Monitor,496.2,Completed,5/10/2024,5/6/2024
2241,Catherine Roberts,Canada,Tablet,118.96,Completed,7/27/2023,7/25/2023
2242,Jeffrey Rivera,China,Headphones,715.13,Active,NULL,4/23/2023
2243,Sandra Henderson,Australia,Headphones,885.4,Completed,11/14/2022,10/25/2022
2244,Erin Arnold,Japan,Mouse,741.2,Completed,9/21/2023,9/3/2023
2245,Candace Harris,France,Smartphone,773.32,Completed,6/18/2023,6/12/2023
2246,Kevin King,Canada,Smartphone,477.68,Active,NULL,11/1/2023
2247,Candace Harris,Japan,Headphones,110.39,Active,NULL,5/19/2023
2248,Debra Hughes,Germany,Tablet,465.07,Active,NULL,9/9/2022
2249,Jessica White,Germany,Laptop,964.66,Active,NULL,11/19/2022
2250,Candace Harris,India,Headphones,307.43,Completed,9/19/2023,9/7/2023
2251,Stacey Brown,Australia,Webcam,187.52,Active,NULL,12/31/2023
2252,Erin Arnold,China,Smartphone,659.03,Active,NULL,12/27/2022
2253,Kayla Banks,China,Keyboard,960.23,Completed,12/27/2022,12/12/2022
2254,Justin Bowman,Germany,Headphones,699.66,Completed,8/21/2023,8/11/2023
2255,Stacey Brown,Japan,Webcam,201.44,Completed,8/3/2024,7/16/2024
2256,Jeffery Mills,Japan,Tablet,279.49,Completed,5/17/2024,4/29/2024
2257,Jeffery Mills,Canada,Webcam,210.52,Completed,4/11/2023,4/9/2023
2258,Brandon Richards,Germany,Keyboard,299.38,Completed,9/1/2023,8/22/2023
2259,Gabriel Vasquez,China,Headphones,985.12,Completed,4/18/2024,4/3/2024
2260,Laurie Figueroa,Canada,Smartphone,648.53,Active,NULL,7/30/2024
2261,Jessica White,China,Printer,362.38,Completed,1/23/2023,1/8/2023
2262,Debra Hughes,USA,Laptop,524.48,Completed,10/31/2022,10/30/2022
2263,Candace Harris,UK,Webcam,296.76,Completed,10/16/2023,10/8/2023
2264,Sandra Henderson,France,Headphones,516.76,Completed,2/1/2023,1/26/2023
2265,Catherine Roberts,France,Webcam,128.41,Completed,6/16/2024,6/10/2024
2266,Jeffery Mills,Canada,Laptop,659.44,Completed,6/5/2023,6/3/2023
2267,Jeffrey Rivera,Germany,Headphones,495.28,Completed,12/23/2022,12/13/2022
2268,Candace Harris,China,Keyboard,784.84,Completed,4/7/2023,3/23/2023
2269,Jessica White,Brazil,Mouse,108.64,Completed,10/18/2023,10/14/2023
2270,Debra Hughes,China,Speaker,103.29,Completed,5/2/2024,4/17/2024
2271,Jeffery Mills,Australia,Laptop,876.24,Active,NULL,10/23/2022
2272,Sandra Henderson,Germany,Laptop,497.73,Active,NULL,7/16/2024
2273,Candace Harris,Germany,Printer,766.4,Completed,1/23/2023,1/13/2023
2274,Candace Harris,Brazil,Monitor,671.82,Completed,8/10/2022,8/6/2022
2275,Brandon Richards,India,Mouse,363.99,Completed,4/23/2023,4/11/2023
2276,Michelle Garrett,Germany,Webcam,848.17,Completed,4/25/2023,4/15/2023
2277,Justin Bowman,USA,Laptop,140.87,Completed,8/31/2022,8/30/2022
2278,Catherine Roberts,India,Smartphone,307.77,Completed,4/3/2024,3/22/2024
2279,Bonnie Lucero,France,Printer,102.81,Active,NULL,10/2/2023
2280,Michelle Garrett,Australia,Keyboard,969.49,Completed,3/16/2024,2/25/2024
2281,Laurie Figueroa,Australia,Keyboard,510.4,Active,NULL,9/19/2022
2282,Gabriel Vasquez,UK,Webcam,217.91,Completed,5/4/2024,4/26/2024
2283,Bonnie Lucero,China,Monitor,831,Active,NULL,9/26/2023
2284,Jeffrey Rivera,Japan,Webcam,925.88,Active,NULL,5/24/2024
2285,Jessica White,Australia,Tablet,994.18,Completed,10/26/2023,10/6/2023
2286,Candace Harris,Australia,Laptop,773.85,Completed,11/14/2023,10/25/2023
2287,Kevin King,Australia,Webcam,972.33,Completed,10/13/2022,9/23/2022
2288,Kayla Banks,Brazil,Tablet,167.86,Completed,10/14/2022,10/10/2022
2289,Cynthia Herman,Japan,Keyboard,346.09,Completed,11/29/2023,11/11/2023
2290,Bonnie Lucero,Japan,Webcam,961.29,Completed,4/17/2023,3/30/2023
2291,Brandon Richards,Australia,Keyboard,220.39,Completed,2/6/2023,1/17/2023
2292,Stacey Brown,Japan,Keyboard,899.11,Active,NULL,6/26/2024
2293,Jeffrey Sims,India,Speaker,364.79,Completed,8/17/2024,8/5/2024
2294,Erin Arnold,France,Mouse,668.12,Active,NULL,8/16/2023
2295,Jeffery Mills,UK,Smartphone,745.4,Completed,1/24/2024,1/16/2024
2296,Stacey Brown,Australia,Keyboard,460.09,Completed,7/8/2023,6/18/2023
2297,Debra Hughes,Canada,Monitor,664.4,Active,NULL,6/27/2024
2298,Jeffery Mills,Canada,Keyboard,904.95,Active,NULL,2/5/2024
2299,Kevin King,China,Headphones,480.42,Completed,9/10/2023,8/26/2023
2300,Jeffrey Sims,USA,Tablet,353.19,Completed,5/22/2023,5/21/2023
2301,Sandra Henderson,Japan,Keyboard,899.51,Completed,10/16/2022,9/28/2022
2302,Candace Harris,Germany,Laptop,826,Active,NULL,1/26/2024
2303,Sandra Henderson,France,Laptop,993.61,Active,NULL,5/11/2023
2304,Kayla Banks,Australia,Printer,290.79,Active,NULL,10/18/2022
2305,Michelle Garrett,Germany,Laptop,689.58,Completed,8/3/2023,7/24/2023
2306,Candace Harris,Australia,Laptop,628.56,Completed,11/29/2023,11/9/2023
2307,Justin Bowman,Brazil,Keyboard,295.07,Completed,4/20/2024,4/16/2024
2308,Jeffrey Sims,Germany,Keyboard,463.06,Completed,12/13/2023,12/3/2023
2309,Stacey Brown,Brazil,Monitor,717.55,Active,NULL,11/12/2022
2310,Catherine Roberts,Brazil,Laptop,895.4,Active,NULL,4/10/2024
2311,James Moore,Canada,Smartphone,487.78,Completed,11/18/2023,11/16/2023
2312,James Moore,India,Headphones,458.07,Active,NULL,4/30/2023
2313,Cynthia Herman,France,Headphones,711.96,Active,NULL,8/27/2023
2314,James Moore,Canada,Smartphone,213.24,Completed,6/8/2023,6/6/2023
2315,Jeffrey Sims,Japan,Webcam,755.24,Completed,11/23/2022,11/5/2022
2316,Laurie Figueroa,India,Tablet,602.98,Completed,7/9/2023,6/27/2023
2317,Jeffrey Rivera,Australia,Headphones,740.48,Completed,2/20/2023,1/31/2023
2318,Catherine Roberts,Germany,Mouse,477.98,Completed,11/15/2022,11/5/2022
2319,Sandra Henderson,UK,Printer,414.58,Completed,8/6/2024,7/29/2024
2320,Laurie Figueroa,Canada,Tablet,421.62,Completed,11/16/2023,11/14/2023
2321,Jessica White,USA,Keyboard,850.11,Active,NULL,12/10/2023
2322,Debra Hughes,France,Laptop,262.06,Active,NULL,8/17/2022
2323,Michelle Garrett,USA,Webcam,928.07,Completed,6/27/2023,6/26/2023
2324,Sandra Henderson,Brazil,Laptop,183.11,Completed,6/21/2023,6/17/2023
2325,Sandra Henderson,Japan,Keyboard,602.07,Completed,1/8/2024,12/21/2023
2326,Brandon Richards,France,Webcam,568.5,Completed,3/15/2024,3/9/2024
2327,Gabriel Vasquez,China,Printer,775.54,Completed,6/3/2024,5/19/2024
2328,Laurie Figueroa,UK,Speaker,583.39,Completed,10/18/2023,10/10/2023
2329,Justin Bowman,Germany,Mouse,429.89,Completed,10/7/2022,9/27/2022
2330,Candace Harris,Germany,Headphones,972.28,Completed,4/26/2024,4/16/2024
2331,Catherine Roberts,Australia,Webcam,364.4,Active,NULL,10/4/2022
2332,Kevin King,France,Keyboard,903.96,Completed,12/25/2023,12/19/2023
2333,Kevin King,Canada,Smartphone,150.59,Completed,12/21/2022,12/19/2022
2334,Stacey Brown,UK,Laptop,541.37,Active,NULL,6/8/2023
2335,Candace Harris,China,Mouse,722.89,Returned,NULL,7/30/2023
2336,Candace Harris,Canada,Mouse,650.51,Completed,9/10/2023,9/8/2023
2337,Sandra Henderson,Germany,Speaker,442.09,Returned,NULL,3/14/2024
2338,Laurie Figueroa,Canada,Mouse,283.51,Returned,NULL,1/11/2023
2339,Jeffrey Sims,France,Keyboard,960.04,Active,NULL,8/22/2023
2340,Jeffery Mills,Japan,Smartphone,990.2,Active,NULL,11/13/2022
2341,Michelle Garrett,China,Headphones,413.51,Active,NULL,6/3/2024
2342,Brandon Richards,Australia,Monitor,916.22,Completed,6/11/2023,5/22/2023
2343,Candace Harris,China,Tablet,105.37,Active,NULL,1/10/2023
2344,Kayla Banks,China,Tablet,617.45,Active,NULL,1/9/2024
2345,Kayla Banks,China,Speaker,397.14,Completed,11/8/2023,10/24/2023
2346,Cynthia Herman,Canada,Printer,281.11,Completed,2/17/2023,2/15/2023
2347,James Moore,Australia,Monitor,224.79,Completed,11/1/2023,10/12/2023
2348,Jeffrey Rivera,UK,Monitor,834.35,Completed,6/17/2023,6/9/2023
2349,Laurie Figueroa,Brazil,Speaker,220.9,Completed,5/20/2023,5/16/2023
2350,Bonnie Lucero,UK,Keyboard,583.25,Active,NULL,11/14/2022
2351,Sandra Henderson,Australia,Smartphone,471.32,Completed,7/10/2023,6/20/2023
2352,Debra Hughes,Germany,Smartphone,442.06,Completed,11/25/2022,11/15/2022
2353,Jeffrey Sims,Germany,Keyboard,441.37,Active,NULL,4/9/2024
2354,Jessica White,Japan,Laptop,744.49,Completed,9/19/2022,9/1/2022
2355,Laurie Figueroa,Germany,Keyboard,351.54,Completed,12/3/2022,11/23/2022
2356,Cynthia Herman,Brazil,Headphones,481.67,Returned,NULL,7/11/2023
2357,Justin Bowman,UK,Printer,455.86,Returned,NULL,5/15/2023
2358,Michelle Garrett,France,Smartphone,699.01,Completed,3/14/2024,3/8/2024
2359,Candace Harris,UK,Tablet,384.25,Active,NULL,6/6/2024
2360,Kayla Banks,Canada,Speaker,744.46,Completed,8/26/2023,8/24/2023
2361,Bonnie Lucero,Brazil,Monitor,196.12,Returned,NULL,4/30/2023
2362,Stacey Brown,UK,Tablet,522.43,Active,NULL,12/30/2023
2363,Candace Harris,India,Laptop,438.04,Returned,NULL,1/26/2024
2364,Bonnie Lucero,Canada,Webcam,640.62,Returned,NULL,6/12/2024
2365,Bonnie Lucero,France,Smartphone,397.94,Completed,12/8/2023,12/2/2023
2366,James Moore,Canada,Speaker,556.28,Active,NULL,12/3/2022
2367,Jeffrey Sims,India,Tablet,595.03,Completed,3/14/2024,3/2/2024
2368,Sandra Henderson,UK,Mouse,726.18,Completed,12/30/2022,12/22/2022
2369,Laurie Figueroa,Canada,Smartphone,375.44,Completed,12/15/2022,12/13/2022
2370,Laurie Figueroa,UK,Smartphone,424.21,Completed,10/8/2022,9/30/2022
2371,Cynthia Herman,USA,Webcam,570.19,Active,NULL,3/5/2023
2372,Jeffery Mills,India,Laptop,234.3,Completed,10/3/2022,9/21/2022
2373,Jeffrey Rivera,Germany,Monitor,283.99,Completed,1/22/2023,1/12/2023
2374,Brandon Richards,Canada,Keyboard,923.27,Active,NULL,8/4/2023
2375,Brandon Richards,Australia,Speaker,516.29,Completed,4/25/2024,4/5/2024
2376,Bonnie Lucero,Canada,Keyboard,359.26,Completed,6/25/2023,6/23/2023
2377,Michelle Garrett,Japan,Printer,820.27,Completed,3/26/2024,3/8/2024
2378,Jessica White,Canada,Mouse,641.6,Completed,4/23/2024,4/21/2024
2379,Justin Bowman,Brazil,Printer,709.62,Active,NULL,7/1/2023
2380,Kevin King,UK,Smartphone,188.87,Active,NULL,9/7/2022
2381,Kevin King,Canada,Mouse,560.05,Completed,1/6/2024,1/4/2024
2382,Jeffery Mills,Germany,Monitor,915.5,Completed,6/1/2024,5/22/2024
2383,Kayla Banks,China,Laptop,710.56,Active,NULL,11/18/2022
2384,James Moore,Canada,Tablet,277.5,Completed,5/25/2024,5/23/2024
2385,Brandon Richards,Germany,Monitor,114.23,Completed,6/13/2023,6/3/2023
2386,Kayla Banks,Japan,Keyboard,374.81,Active,NULL,5/11/2023
2387,Erin Arnold,Brazil,Laptop,575.76,Active,NULL,4/19/2024
2388,Kevin King,Brazil,Printer,554.21,Active,NULL,7/3/2024
2389,Candace Harris,Germany,Speaker,384.8,Completed,12/7/2022,11/27/2022
2390,Jeffrey Rivera,UK,Tablet,230.42,Active,NULL,9/8/2022
2391,Kayla Banks,France,Monitor,864.1,Active,NULL,5/9/2023
2392,Stacey Brown,USA,Printer,802.19,Completed,3/4/2024,3/3/2024
2393,Stacey Brown,Germany,Keyboard,626.84,Completed,5/14/2023,5/4/2023
2394,Debra Hughes,Germany,Monitor,434.53,Active,NULL,1/27/2024
2395,Laurie Figueroa,Canada,Headphones,131.03,Completed,11/30/2022,11/28/2022
2396,Debra Hughes,Australia,Keyboard,843.14,Completed,9/9/2023,8/20/2023
2397,Brandon Richards,Australia,Tablet,885.55,Completed,9/25/2023,9/5/2023
2398,Debra Hughes,India,Tablet,772.31,Completed,4/17/2024,4/5/2024
2399,Bonnie Lucero,Canada,Smartphone,499.93,Active,NULL,7/19/2023
2400,Jeffrey Sims,UK,Speaker,291,Active,NULL,10/11/2023
2401,Erin Arnold,UK,Laptop,380.79,Completed,10/16/2022,10/8/2022
2402,Jeffrey Sims,USA,Tablet,421.9,Completed,9/14/2023,9/13/2023
2403,Jeffrey Rivera,India,Laptop,963.67,Active,NULL,11/16/2022
2404,Debra Hughes,Australia,Keyboard,345.76,Completed,6/3/2024,5/14/2024
2405,Bonnie Lucero,France,Laptop,678.38,Active,NULL,11/5/2022
2406,Brandon Richards,Brazil,Mouse,723.87,Completed,3/3/2023,2/27/2023
2407,Jeffery Mills,China,Printer,379.22,Completed,7/22/2023,7/7/2023
2408,Erin Arnold,Brazil,Smartphone,694.26,Completed,9/9/2022,9/5/2022
2409,Debra Hughes,India,Laptop,627.89,Completed,4/9/2024,3/28/2024
2410,Jessica White,China,Webcam,657.99,Completed,11/21/2022,11/6/2022
2411,Bonnie Lucero,France,Keyboard,312.84,Completed,9/6/2023,8/31/2023
2412,James Moore,Australia,Monitor,755.11,Completed,9/25/2022,9/5/2022
2413,Cynthia Herman,UK,Mouse,147.91,Active,NULL,1/8/2024
2414,Bonnie Lucero,Japan,Monitor,396.06,Active,NULL,12/4/2023
2415,Jeffrey Rivera,UK,Monitor,362.17,Completed,3/3/2024,2/24/2024
2416,Erin Arnold,Japan,Monitor,172.8,Active,NULL,7/29/2024
2417,Catherine Roberts,USA,Mouse,605.49,Completed,11/14/2023,11/13/2023
2418,Debra Hughes,Australia,Webcam,262.94,Completed,11/28/2023,11/8/2023
2419,Candace Harris,Germany,Speaker,873.53,Completed,6/14/2024,6/4/2024
2420,James Moore,Brazil,Laptop,478.56,Active,NULL,3/8/2024
2421,Stacey Brown,Japan,Mouse,826.55,Completed,8/25/2022,8/7/2022
2422,Cynthia Herman,India,Smartphone,597.16,Completed,10/12/2022,9/30/2022
2423,Kayla Banks,India,Monitor,946.97,Completed,8/1/2023,7/20/2023
2424,Stacey Brown,USA,Speaker,498.55,Completed,3/8/2023,3/7/2023
2425,Jeffrey Sims,USA,Keyboard,112.59,Completed,8/6/2024,8/5/2024
2426,James Moore,Germany,Keyboard,991.72,Active,NULL,9/8/2022
2427,Jeffrey Sims,India,Printer,369.08,Completed,5/17/2024,5/5/2024
2428,Kevin King,India,Monitor,394.58,Completed,2/25/2024,2/13/2024
2429,Gabriel Vasquez,USA,Speaker,249.92,Completed,2/10/2024,2/9/2024
2430,Brandon Richards,Canada,Laptop,133.05,Completed,4/7/2023,4/5/2023
2431,James Moore,Brazil,Speaker,905.37,Active,NULL,6/14/2024
2432,Kevin King,Germany,Speaker,156.1,Completed,1/21/2024,1/11/2024
2433,Kevin King,UK,Keyboard,550.6,Completed,3/5/2024,2/26/2024
2434,James Moore,Brazil,Tablet,989.4,Completed,3/10/2023,3/6/2023
2435,Sandra Henderson,USA,Keyboard,722.4,Completed,10/10/2022,10/9/2022
2436,Jeffery Mills,UK,Speaker,647.04,Active,NULL,4/11/2024
2437,Catherine Roberts,India,Laptop,112.81,Completed,3/25/2024,3/13/2024
2438,Kevin King,Germany,Monitor,137.72,Completed,2/14/2024,2/4/2024
2439,Jeffrey Rivera,China,Speaker,285.64,Active,NULL,1/9/2023
2440,Catherine Roberts,USA,Headphones,574.49,Active,NULL,2/25/2024
2441,Kevin King,China,Laptop,352.73,Completed,5/19/2023,5/4/2023
2442,Stacey Brown,Canada,Printer,980.12,Completed,9/22/2023,9/20/2023
2443,Cynthia Herman,USA,Tablet,149.77,Active,NULL,4/19/2023
2444,Debra Hughes,Germany,Monitor,870.36,Completed,5/23/2024,5/13/2024
2445,Gabriel Vasquez,Japan,Smartphone,312.92,Completed,2/21/2023,2/3/2023
2446,Cynthia Herman,USA,Printer,361.73,Active,NULL,4/26/2024
2447,Gabriel Vasquez,Canada,Smartphone,785.21,Completed,5/17/2024,5/15/2024
2448,Gabriel Vasquez,Brazil,Tablet,893.67,Completed,8/4/2024,7/31/2024
2449,Laurie Figueroa,Australia,Speaker,247.34,Completed,5/25/2023,5/5/2023
2450,Jeffrey Sims,France,Tablet,581.11,Completed,1/24/2023,1/18/2023
2451,Candace Harris,Australia,Speaker,523.29,Completed,7/28/2023,7/8/2023
2452,Jeffrey Rivera,Brazil,Printer,209.55,Active,NULL,7/21/2024
2453,Sandra Henderson,France,Mouse,767.67,Completed,9/17/2023,9/11/2023
2454,Catherine Roberts,Australia,Headphones,691.1,Completed,5/10/2023,4/20/2023
2455,Michelle Garrett,Brazil,Laptop,272.07,Completed,8/20/2022,8/16/2022
2456,James Moore,Japan,Mouse,217.78,Completed,2/14/2023,1/27/2023
2457,Sandra Henderson,UK,Speaker,311.05,Completed,2/2/2023,1/25/2023
2458,Justin Bowman,USA,Headphones,742.66,Completed,4/11/2024,4/10/2024
2459,Cynthia Herman,China,Webcam,581.4,Completed,1/4/2023,12/20/2022
2460,Jeffrey Rivera,USA,Keyboard,717.17,Active,NULL,3/3/2024
2461,Justin Bowman,Canada,Mouse,965.57,Completed,11/13/2022,11/11/2022
2462,Catherine Roberts,Germany,Mouse,413.44,Completed,9/12/2023,9/2/2023
2463,Brandon Richards,India,Webcam,306.85,Completed,6/3/2023,5/22/2023
2464,Michelle Garrett,China,Printer,284.01,Completed,1/17/2023,1/2/2023
2465,Justin Bowman,France,Mouse,605.32,Active,NULL,4/11/2023
2466,Catherine Roberts,UK,Tablet,352.5,Completed,12/26/2022,12/18/2022
2467,Catherine Roberts,Japan,Webcam,398.63,Completed,7/24/2023,7/6/2023
2468,Candace Harris,China,Printer,968.31,Active,NULL,12/26/2022
2469,Bonnie Lucero,France,Monitor,997.41,Completed,10/5/2023,9/29/2023
2470,Michelle Garrett,China,Tablet,107.58,Completed,1/20/2024,1/5/2024
2471,Gabriel Vasquez,China,Monitor,312.63,Completed,11/10/2023,10/26/2023
2472,Stacey Brown,Canada,Webcam,107.67,Completed,7/6/2023,7/4/2023
2473,Catherine Roberts,China,Mouse,237.21,Active,NULL,10/19/2022
2474,Kevin King,UK,Monitor,373.84,Active,NULL,2/11/2024
2475,Sandra Henderson,France,Laptop,379.68,Completed,11/11/2022,11/5/2022
2476,Stacey Brown,UK,Headphones,204.26,Completed,4/17/2023,4/9/2023
2477,Gabriel Vasquez,India,Speaker,132.85,Completed,7/24/2024,7/12/2024
2478,Erin Arnold,Japan,Monitor,769.15,Active,NULL,10/25/2022
2479,Jeffery Mills,USA,Headphones,333.36,Active,NULL,2/6/2024
2480,Jeffery Mills,Canada,Tablet,418.75,Completed,1/3/2024,1/1/2024
2481,Stacey Brown,France,Printer,100.39,Completed,5/23/2024,5/17/2024
2482,Kayla Banks,UK,Webcam,251.25,Completed,9/21/2022,9/13/2022
2483,Michelle Garrett,Japan,Tablet,413.42,Active,NULL,7/27/2023
2484,Jeffrey Sims,USA,Tablet,855.03,Active,NULL,1/6/2024
2485,Gabriel Vasquez,France,Tablet,712.5,Completed,4/20/2023,4/14/2023
2486,Kayla Banks,Japan,Smartphone,161.88,Completed,3/8/2024,2/19/2024
2487,Laurie Figueroa,India,Smartphone,368.43,Active,NULL,11/6/2022
2488,Kevin King,Canada,Headphones,836.84,Completed,3/29/2024,3/27/2024
2489,Catherine Roberts,China,Speaker,460.39,Active,NULL,10/19/2023
2490,Justin Bowman,Australia,Keyboard,887.25,Completed,1/11/2024,12/22/2023
2491,Jeffrey Sims,UK,Monitor,121.72,Completed,6/4/2024,5/27/2024
2492,Laurie Figueroa,France,Headphones,437.37,Completed,1/5/2023,12/30/2022
2493,Jessica White,Canada,Tablet,110.99,Active,NULL,3/12/2023
2494,Laurie Figueroa,UK,Keyboard,782.73,Active,NULL,2/20/2024
2495,Kayla Banks,Japan,Mouse,829.84,Completed,4/19/2024,4/1/2024
2496,Cynthia Herman,Brazil,Laptop,322.44,Completed,6/30/2023,6/26/2023
2497,Debra Hughes,Australia,Speaker,227.94,Completed,10/31/2022,10/11/2022
2498,Stacey Brown,Brazil,Webcam,567.87,Active,NULL,10/25/2022
2499,Laurie Figueroa,UK,Webcam,340.39,Completed,3/15/2023,3/7/2023
2500,Cynthia Herman,France,Monitor,509.64,Completed,6/17/2024,6/11/2024
2501,Kevin King,Australia,Mouse,425.04,Active,NULL,10/13/2022
2502,Erin Arnold,Australia,Monitor,779.62,Completed,8/8/2023,7/19/2023
2503,Jessica White,Japan,Headphones,170.8,Completed,1/24/2024,1/6/2024
2504,Gabriel Vasquez,Canada,Speaker,103.19,Completed,11/27/2022,11/25/2022
2505,Jeffrey Sims,Germany,Mouse,316.03,Completed,1/21/2023,1/11/2023
2506,Justin Bowman,Brazil,Headphones,383.78,Completed,12/1/2022,11/27/2022
2507,Debra Hughes,France,Monitor,547.56,Completed,1/12/2024,1/6/2024
2508,Sandra Henderson,UK,Speaker,691.68,Completed,10/21/2023,10/13/2023
2509,Catherine Roberts,Brazil,Laptop,364.57,Completed,10/31/2022,10/27/2022
2510,Catherine Roberts,USA,Mouse,240.63,Completed,5/6/2023,5/5/2023
2511,Candace Harris,Japan,Tablet,786.29,Completed,12/12/2022,11/24/2022
2512,James Moore,India,Mouse,720.35,Completed,2/11/2024,1/30/2024
2513,Michelle Garrett,Canada,Mouse,814.88,Completed,11/12/2022,11/10/2022
2514,Jeffrey Rivera,Brazil,Mouse,839.09,Active,NULL,3/11/2023
2515,Debra Hughes,Japan,Speaker,669.07,Completed,3/17/2024,2/28/2024
2516,Laurie Figueroa,France,Smartphone,143.19,Completed,2/12/2024,2/6/2024
2517,Jeffrey Rivera,Germany,Headphones,331.49,Active,NULL,1/1/2023
2518,James Moore,Australia,Headphones,158.06,Active,NULL,2/22/2024
2519,Gabriel Vasquez,UK,Tablet,372.51,Active,NULL,4/13/2024
2520,Bonnie Lucero,Japan,Speaker,515.99,Active,NULL,2/2/2023
2521,Bonnie Lucero,Japan,Webcam,933.5,Active,NULL,4/11/2023
2522,Brandon Richards,Germany,Speaker,732.05,Completed,1/1/2023,12/22/2022
2523,Jeffrey Sims,France,Laptop,662.74,Completed,12/28/2022,12/22/2022
2524,Jeffrey Sims,Germany,Speaker,101.71,Completed,10/4/2022,9/24/2022
2525,Sandra Henderson,Japan,Mouse,656.12,Completed,7/13/2024,6/25/2024
2526,Kayla Banks,Canada,Tablet,159.81,Completed,12/19/2022,12/17/2022
2527,Kayla Banks,USA,Monitor,541.77,Completed,6/12/2024,6/11/2024
2528,Jessica White,Brazil,Monitor,299.2,Active,NULL,7/25/2024
2529,Laurie Figueroa,Canada,Speaker,463.85,Completed,1/7/2024,1/5/2024
2530,Jessica White,China,Printer,265.9,Completed,8/11/2023,7/27/2023
2531,Erin Arnold,China,Speaker,415.86,Active,NULL,1/23/2023
2532,Candace Harris,Canada,Tablet,982.12,Active,NULL,12/16/2023
2533,Jeffrey Sims,Canada,Laptop,821.4,Completed,4/24/2024,4/22/2024
2534,Catherine Roberts,France,Printer,821.93,Completed,11/1/2023,10/26/2023
2535,Cynthia Herman,France,Laptop,923.25,Active,NULL,12/7/2023
2536,Sandra Henderson,Germany,Laptop,116.3,Completed,12/12/2023,12/2/2023
2537,Jeffrey Sims,Germany,Monitor,980.13,Completed,10/4/2023,9/24/2023
2538,Cynthia Herman,Australia,Laptop,959.63,Completed,5/21/2024,5/1/2024
2539,James Moore,France,Tablet,966.68,Active,NULL,6/22/2024
2540,Bonnie Lucero,India,Laptop,690.44,Completed,9/1/2023,8/20/2023
2541,Jessica White,Japan,Webcam,326.94,Active,NULL,1/26/2023
2542,Justin Bowman,France,Speaker,675.34,Completed,5/19/2024,5/13/2024
2543,Brandon Richards,Germany,Webcam,386.38,Completed,7/24/2024,7/14/2024
2544,Jessica White,Australia,Printer,500.21,Completed,6/22/2024,6/2/2024
2545,Stacey Brown,Germany,Mouse,156.72,Completed,8/1/2024,7/22/2024
2546,Cynthia Herman,Japan,Printer,757.99,Active,NULL,10/18/2022
2547,Erin Arnold,Australia,Tablet,411.52,Active,NULL,12/3/2023
2548,Kevin King,UK,Keyboard,670.35,Completed,8/21/2023,8/13/2023
2549,Catherine Roberts,India,Printer,780.34,Completed,7/20/2023,7/8/2023
2550,Jeffrey Sims,India,Speaker,355.48,Completed,10/20/2023,10/8/2023
2551,Gabriel Vasquez,China,Webcam,241.32,Active,NULL,6/27/2024
2552,Sandra Henderson,Australia,Monitor,549.63,Active,NULL,12/30/2022
2553,Cynthia Herman,Japan,Headphones,569.38,Completed,6/11/2023,5/24/2023
2554,Jessica White,UK,Webcam,922.19,Completed,11/12/2023,11/4/2023
2555,Brandon Richards,France,Tablet,614.64,Active,NULL,8/1/2024
2556,Jessica White,Canada,Mouse,167.98,Completed,10/17/2022,10/15/2022
2557,Candace Harris,Australia,Webcam,349.9,Active,NULL,2/11/2023
2558,Cynthia Herman,China,Mouse,737.3,Completed,9/28/2023,9/13/2023
2559,James Moore,Australia,Speaker,892.97,Completed,11/25/2022,11/5/2022
2560,Laurie Figueroa,Japan,Printer,471.14,Completed,2/24/2024,2/6/2024
2561,Michelle Garrett,China,Tablet,286.6,Active,NULL,1/18/2023
2562,James Moore,Germany,Smartphone,389.21,Completed,11/24/2023,11/14/2023
2563,Cynthia Herman,France,Tablet,473.77,Active,NULL,4/18/2023
2564,Debra Hughes,India,Headphones,730.66,Active,NULL,4/25/2024
2565,Jeffrey Sims,Germany,Keyboard,875.9,Active,NULL,6/4/2023
2566,James Moore,Germany,Mouse,691.11,Active,NULL,10/12/2023
2567,Brandon Richards,India,Printer,459.26,Active,NULL,8/7/2022
2568,Kayla Banks,China,Keyboard,674.47,Completed,11/27/2022,11/12/2022
2569,Gabriel Vasquez,Japan,Monitor,617.92,Active,NULL,4/3/2024
2570,Sandra Henderson,India,Printer,395.91,Completed,7/10/2024,6/28/2024
2571,Catherine Roberts,Canada,Monitor,432.67,Active,NULL,4/3/2024
2572,Justin Bowman,Japan,Monitor,492.39,Completed,5/12/2023,4/24/2023
2573,Stacey Brown,Canada,Tablet,824.62,Completed,2/11/2023,2/9/2023
2574,Jeffrey Rivera,Canada,Monitor,398.61,Completed,10/23/2022,10/21/2022
2575,Laurie Figueroa,Brazil,Speaker,598.65,Completed,6/10/2024,6/6/2024
2576,Stacey Brown,China,Mouse,420.08,Completed,6/20/2024,6/5/2024
2577,Cynthia Herman,Australia,Headphones,688.57,Completed,7/29/2024,7/9/2024
2578,Jeffrey Rivera,Canada,Headphones,387.68,Completed,2/5/2023,2/3/2023
2579,James Moore,Canada,Headphones,729.41,Completed,4/13/2024,4/11/2024
2580,Jeffery Mills,Germany,Printer,190.87,Completed,1/9/2024,12/30/2023
2581,Kevin King,Germany,Tablet,284.81,Completed,2/7/2023,1/28/2023
2582,Sandra Henderson,China,Webcam,916.77,Completed,12/7/2022,11/22/2022
2583,Laurie Figueroa,France,Monitor,860.14,Active,NULL,5/6/2023
2584,Jeffery Mills,Germany,Speaker,664.65,Completed,3/21/2023,3/11/2023
2585,Sandra Henderson,Brazil,Webcam,834.94,Completed,12/26/2023,12/22/2023
2586,Michelle Garrett,India,Speaker,936.22,Completed,10/31/2023,10/19/2023
2587,Cynthia Herman,France,Laptop,362.83,Active,NULL,10/23/2022
2588,Michelle Garrett,Brazil,Laptop,560.04,Completed,3/11/2024,3/7/2024
2589,Kevin King,Germany,Webcam,651.2,Completed,8/7/2023,7/28/2023
2590,Justin Bowman,UK,Speaker,355.39,Active,NULL,3/19/2023
2591,Jeffery Mills,France,Speaker,762.48,Completed,8/11/2024,8/5/2024
2592,Brandon Richards,Canada,Headphones,842.86,Active,NULL,9/24/2023
2593,Bonnie Lucero,India,Webcam,961.17,Completed,11/13/2023,11/1/2023
2594,Catherine Roberts,China,Monitor,275.53,Active,NULL,5/14/2023
2595,Gabriel Vasquez,Australia,Smartphone,620.78,Active,NULL,8/27/2022
2596,Candace Harris,UK,Monitor,123.69,Completed,1/29/2024,1/21/2024
2597,James Moore,Canada,Mouse,279.88,Completed,1/17/2024,1/15/2024
2598,Debra Hughes,France,Laptop,554.79,Active,NULL,9/22/2022
2599,Candace Harris,India,Tablet,883.99,Completed,3/5/2023,2/21/2023
2600,Candace Harris,Canada,Webcam,213.63,Active,NULL,11/26/2022
2601,Michelle Garrett,India,Laptop,260.2,Completed,4/22/2023,4/10/2023
2602,Catherine Roberts,India,Tablet,544.99,Active,NULL,3/14/2024
2603,Jessica White,Germany,Webcam,200.92,Completed,7/30/2023,7/20/2023
2604,Kevin King,Canada,Tablet,861.35,Completed,2/22/2023,2/20/2023
2605,Erin Arnold,India,Webcam,261.75,Completed,9/18/2023,9/6/2023
2606,Cynthia Herman,Canada,Speaker,542.89,Completed,6/27/2023,6/25/2023
2607,Catherine Roberts,Germany,Webcam,930.88,Active,NULL,8/2/2023
2608,Kevin King,USA,Monitor,349.06,Completed,9/16/2022,9/15/2022
2609,Laurie Figueroa,China,Laptop,429.5,Completed,12/1/2022,11/16/2022
2610,Kevin King,China,Mouse,640.99,Completed,7/1/2024,6/16/2024
2611,Jessica White,Japan,Speaker,894.91,Completed,6/3/2024,5/16/2024
2612,Laurie Figueroa,UK,Headphones,259.45,Active,NULL,11/14/2022
2613,Jeffery Mills,Japan,Keyboard,405.95,Active,NULL,12/4/2022
2614,Brandon Richards,USA,Webcam,913.12,Active,NULL,9/25/2022
2615,Kayla Banks,Japan,Smartphone,836.34,Completed,6/22/2023,6/4/2023
2616,Kevin King,Canada,Printer,490.63,Completed,9/29/2022,9/27/2022
2617,Bonnie Lucero,Germany,Mouse,342.47,Active,NULL,1/25/2023
2618,Cynthia Herman,USA,Printer,908.52,Completed,6/27/2023,6/26/2023
2619,Catherine Roberts,India,Headphones,309.75,Completed,8/14/2023,8/2/2023
2620,Debra Hughes,USA,Smartphone,712.94,Completed,9/17/2022,9/16/2022
2621,Jessica White,Japan,Headphones,815.22,Completed,11/6/2022,10/19/2022
2622,Michelle Garrett,France,Tablet,989.43,Completed,3/23/2024,3/17/2024
2623,Kevin King,India,Speaker,863.28,Completed,12/3/2023,11/21/2023
2624,Cynthia Herman,China,Printer,667.4,Active,NULL,1/7/2024
2625,Sandra Henderson,India,Speaker,527.74,Completed,10/2/2023,9/20/2023
2626,Kayla Banks,Brazil,Keyboard,568.34,Completed,3/16/2024,3/12/2024
2627,Gabriel Vasquez,France,Smartphone,376,Completed,8/26/2022,8/20/2022
2628,Jessica White,India,Laptop,198.17,Completed,8/12/2023,7/31/2023
2629,Sandra Henderson,Brazil,Keyboard,899.57,Completed,6/28/2023,6/24/2023
2630,Gabriel Vasquez,Brazil,Webcam,686.16,Completed,1/11/2024,1/7/2024
2631,Laurie Figueroa,Germany,Tablet,903.38,Completed,11/9/2023,10/30/2023
2632,Laurie Figueroa,India,Webcam,816.05,Completed,7/2/2023,6/20/2023
2633,Candace Harris,UK,Webcam,844.47,Completed,9/27/2022,9/19/2022
2634,Gabriel Vasquez,UK,Speaker,552.81,Completed,10/27/2023,10/19/2023
2635,Michelle Garrett,USA,Mouse,524.43,Active,NULL,12/8/2023
2636,Justin Bowman,Brazil,Webcam,610.33,Completed,12/14/2023,12/10/2023
2637,Sandra Henderson,Germany,Speaker,867.94,Completed,5/29/2023,5/19/2023
2638,Catherine Roberts,China,Keyboard,546.87,Active,NULL,5/20/2023
2639,Sandra Henderson,Germany,Speaker,271.31,Completed,11/26/2023,11/16/2023
2640,Kevin King,France,Mouse,433.2,Completed,1/2/2023,12/27/2022
2641,Candace Harris,Brazil,Smartphone,338.44,Active,NULL,9/6/2022
2642,Bonnie Lucero,India,Printer,667.22,Completed,12/10/2023,11/28/2023
2643,Kayla Banks,USA,Speaker,150.81,Completed,2/29/2024,2/28/2024
2644,Jeffery Mills,India,Monitor,425.77,Active,NULL,10/8/2022
2645,Cynthia Herman,India,Printer,517.08,Active,NULL,4/28/2023
2646,Sandra Henderson,UK,Mouse,569.7,Active,NULL,5/21/2023
2647,Michelle Garrett,USA,Webcam,840.4,Completed,1/7/2024,1/6/2024
2648,Cynthia Herman,USA,Smartphone,824.64,Completed,2/16/2023,2/15/2023
2649,Erin Arnold,Canada,Laptop,802.91,Active,NULL,3/6/2023
2650,Kayla Banks,China,Keyboard,330.88,Completed,12/20/2023,12/5/2023
2651,Erin Arnold,India,Mouse,276.14,Completed,8/10/2023,7/29/2023
2652,Kayla Banks,India,Laptop,885.49,Completed,8/15/2023,8/3/2023
2653,Bonnie Lucero,France,Tablet,769.12,Active,NULL,8/23/2023
2654,Kayla Banks,Brazil,Smartphone,938.94,Active,NULL,3/6/2024
2655,Kevin King,Brazil,Printer,427.65,Active,NULL,1/27/2024
2656,Erin Arnold,Japan,Printer,190.45,Active,NULL,1/13/2023
2657,Jeffery Mills,France,Keyboard,958.31,Completed,6/26/2023,6/20/2023
2658,Brandon Richards,Canada,Monitor,936.48,Active,NULL,11/23/2022
2659,Michelle Garrett,China,Mouse,542.8,Completed,4/28/2023,4/13/2023
2660,Candace Harris,Australia,Printer,762.7,Completed,2/21/2024,2/1/2024
2661,Kevin King,China,Monitor,261.31,Active,NULL,10/3/2023
2662,Catherine Roberts,Canada,Webcam,255.41,Completed,4/2/2024,3/31/2024
2663,Jeffery Mills,USA,Headphones,476.06,Active,NULL,3/1/2024
2664,Kayla Banks,Australia,Speaker,964.32,Active,NULL,3/19/2023
2665,Jeffrey Rivera,Canada,Speaker,492.86,Completed,11/14/2022,11/12/2022
2666,Kayla Banks,Japan,Printer,314.96,Completed,12/25/2023,12/7/2023
2667,Candace Harris,Brazil,Keyboard,842.18,Active,NULL,10/3/2022
2668,Brandon Richards,China,Printer,358.46,Active,NULL,4/11/2023
2669,James Moore,UK,Monitor,363.28,Completed,11/16/2023,11/8/2023
2670,Jeffery Mills,UK,Printer,194.81,Active,NULL,8/8/2022
2671,Gabriel Vasquez,China,Laptop,789.26,Active,NULL,9/17/2023
2672,Jeffrey Sims,UK,Laptop,409.79,Completed,8/15/2023,8/7/2023
2673,Jeffery Mills,UK,Tablet,804.25,Active,NULL,11/7/2023
2674,Kayla Banks,France,Monitor,652.44,Completed,7/2/2024,6/26/2024
2675,Stacey Brown,Australia,Webcam,140.47,Completed,6/10/2024,5/21/2024
2676,James Moore,China,Smartphone,916.62,Completed,10/10/2023,9/25/2023
2677,Justin Bowman,Australia,Laptop,903.44,Active,NULL,8/19/2023
2678,Kayla Banks,India,Speaker,198.43,Completed,7/11/2023,6/29/2023
2679,Jessica White,UK,Monitor,699.25,Completed,2/19/2023,2/11/2023
2680,Justin Bowman,UK,Mouse,149.59,Completed,8/11/2023,8/3/2023
2681,Bonnie Lucero,Australia,Keyboard,191.02,Completed,5/10/2023,4/20/2023
2682,Laurie Figueroa,China,Mouse,618.21,Active,NULL,1/21/2023
2683,Jeffrey Rivera,France,Tablet,984.91,Completed,8/31/2022,8/25/2022
2684,Catherine Roberts,USA,Keyboard,332.13,Completed,8/15/2023,8/14/2023
2685,Jeffrey Sims,Germany,Mouse,330.61,Active,NULL,1/27/2024
2686,Jeffrey Sims,Canada,Printer,938.62,Active,NULL,8/9/2023
2687,Kevin King,Australia,Laptop,859.04,Completed,3/5/2023,2/13/2023
2688,Laurie Figueroa,USA,Headphones,465.17,Completed,6/24/2023,6/23/2023
2689,James Moore,Australia,Printer,819.75,Active,NULL,6/12/2023
2690,Laurie Figueroa,Japan,Smartphone,947.75,Active,NULL,6/10/2024
2691,Stacey Brown,Australia,Keyboard,506.92,Active,NULL,5/27/2023
2692,Brandon Richards,Germany,Speaker,834.03,Completed,6/3/2024,5/24/2024
2693,Jeffrey Sims,Australia,Keyboard,517.99,Active,NULL,6/25/2024
2694,Kayla Banks,Germany,Mouse,268.53,Completed,11/20/2022,11/10/2022
2695,Stacey Brown,USA,Smartphone,408.59,Completed,11/3/2023,11/2/2023
2696,Erin Arnold,USA,Headphones,108.84,Completed,1/26/2024,1/25/2024
2697,Sandra Henderson,USA,Keyboard,609.6,Completed,6/29/2023,6/28/2023
2698,Bonnie Lucero,India,Webcam,759.91,Active,NULL,12/29/2023
2699,James Moore,UK,Mouse,587.24,Completed,9/30/2022,9/22/2022
2700,Justin Bowman,Canada,Tablet,372.94,Completed,3/12/2023,3/10/2023
2701,Erin Arnold,Germany,Monitor,154.25,Completed,4/19/2024,4/9/2024
2702,Debra Hughes,India,Webcam,309.33,Active,NULL,1/2/2023
2703,Catherine Roberts,Japan,Speaker,875.58,Active,NULL,1/23/2023
2704,Stacey Brown,Australia,Printer,959.69,Completed,7/27/2023,7/7/2023
2705,Debra Hughes,Australia,Keyboard,622.99,Completed,1/3/2023,12/14/2022
2706,Cynthia Herman,Brazil,Keyboard,405.53,Active,NULL,6/27/2023
2707,Kayla Banks,France,Printer,689.74,Active,NULL,12/17/2022
2708,Candace Harris,Brazil,Keyboard,248.75,Completed,2/26/2023,2/22/2023
2709,Justin Bowman,Germany,Keyboard,162.59,Completed,10/29/2023,10/19/2023
2710,Laurie Figueroa,Japan,Mouse,769.62,Completed,3/11/2024,2/22/2024
2711,Jessica White,France,Headphones,337.14,Completed,5/3/2024,4/27/2024
2712,Stacey Brown,India,Mouse,221.06,Completed,6/6/2023,5/25/2023
2713,Catherine Roberts,France,Smartphone,760.76,Completed,6/24/2024,6/18/2024
2714,Bonnie Lucero,UK,Mouse,254.2,Completed,6/4/2023,5/27/2023
2715,Bonnie Lucero,Japan,Headphones,166.31,Completed,3/22/2024,3/4/2024
2716,Justin Bowman,India,Smartphone,949.81,Completed,5/2/2024,4/20/2024
2717,Justin Bowman,Japan,Laptop,602.31,Completed,7/14/2024,6/26/2024
2718,Brandon Richards,Brazil,Monitor,585.42,Completed,5/9/2024,5/5/2024
2719,Jessica White,USA,Mouse,967.59,Completed,10/10/2022,10/9/2022
2720,Jeffrey Sims,Brazil,Smartphone,531.95,Active,NULL,6/23/2023
2721,Michelle Garrett,China,Mouse,979.4,Active,NULL,4/9/2023
2722,Gabriel Vasquez,France,Headphones,618.14,Active,NULL,9/30/2022
2723,Stacey Brown,USA,Mouse,231.76,Active,NULL,11/7/2022
2724,Erin Arnold,Brazil,Tablet,476.45,Completed,5/12/2023,5/8/2023
2725,James Moore,India,Laptop,545.39,Completed,1/10/2023,12/29/2022
2726,Brandon Richards,India,Keyboard,328.9,Active,NULL,10/16/2023
2727,Kevin King,USA,Webcam,708.13,Completed,2/2/2024,2/1/2024
2728,Bonnie Lucero,Australia,Smartphone,699.31,Completed,6/29/2023,6/9/2023
2729,Sandra Henderson,China,Printer,277.31,Completed,4/26/2024,4/11/2024
2730,Sandra Henderson,France,Smartphone,171.03,Active,NULL,1/31/2024
2731,Erin Arnold,Germany,Headphones,879.59,Completed,3/8/2023,2/26/2023
2732,Cynthia Herman,China,Webcam,789.89,Completed,4/12/2024,3/28/2024
2733,James Moore,Canada,Speaker,936,Completed,11/5/2022,11/3/2022
2734,Debra Hughes,Australia,Tablet,118.89,Completed,5/22/2024,5/2/2024
2735,James Moore,India,Speaker,795.19,Completed,8/7/2024,7/26/2024
2736,Jeffrey Rivera,USA,Keyboard,354.24,Active,NULL,1/23/2024
2737,Brandon Richards,UK,Laptop,472.51,Active,NULL,2/21/2024
2738,Sandra Henderson,France,Smartphone,982.73,Completed,3/6/2024,2/29/2024
2739,Debra Hughes,France,Headphones,212.75,Completed,2/26/2023,2/20/2023
2740,Kevin King,India,Speaker,485.24,Completed,8/8/2024,7/27/2024
2741,Laurie Figueroa,India,Smartphone,173.65,Active,NULL,2/17/2024
2742,Jeffery Mills,France,Smartphone,606.12,Active,NULL,11/29/2022
2743,Kevin King,Brazil,Monitor,339.61,Completed,12/14/2022,12/10/2022
2744,Brandon Richards,France,Webcam,204.31,Completed,8/9/2023,8/3/2023
2745,Bonnie Lucero,Brazil,Headphones,930.35,Completed,10/17/2023,10/13/2023
2746,Sandra Henderson,Brazil,Webcam,445.53,Completed,5/22/2023,5/18/2023
2747,Brandon Richards,India,Headphones,142.03,Active,NULL,4/6/2023
2748,James Moore,Canada,Mouse,321.38,Completed,8/19/2023,8/17/2023
2749,Laurie Figueroa,France,Headphones,320.61,Active,NULL,4/8/2023
2750,Bonnie Lucero,France,Speaker,566.67,Completed,8/31/2022,8/25/2022
2751,Brandon Richards,India,Tablet,844.38,Completed,6/4/2023,5/23/2023
2752,Michelle Garrett,Japan,Speaker,833.62,Active,NULL,8/3/2024
2753,Bonnie Lucero,France,Monitor,283.32,Completed,7/6/2023,6/30/2023
2754,Erin Arnold,France,Printer,429.47,Completed,9/19/2022,9/13/2022
2755,Bonnie Lucero,China,Laptop,357.9,Active,NULL,5/12/2023
2756,Brandon Richards,Canada,Webcam,754.98,Completed,4/23/2024,4/21/2024
2757,Gabriel Vasquez,India,Headphones,351.7,Completed,6/13/2023,6/1/2023
2758,Jeffrey Sims,Brazil,Tablet,995.37,Completed,5/7/2023,5/3/2023
2759,Stacey Brown,Brazil,Smartphone,625.63,Completed,5/6/2024,5/2/2024
2760,Kevin King,Canada,Webcam,750.22,Active,NULL,10/22/2022
2761,Jessica White,Japan,Printer,710.4,Active,NULL,12/21/2022
2762,Gabriel Vasquez,India,Smartphone,723.92,Active,NULL,6/9/2024
2763,Sandra Henderson,France,Tablet,354.93,Completed,9/21/2022,9/15/2022
2764,Cynthia Herman,France,Tablet,893.2,Completed,8/21/2022,8/15/2022
2765,James Moore,UK,Mouse,428.08,Completed,5/16/2024,5/8/2024
2766,Gabriel Vasquez,China,Mouse,857.83,Completed,3/1/2023,2/14/2023
2767,Erin Arnold,France,Monitor,125.3,Completed,11/15/2023,11/9/2023
2768,Gabriel Vasquez,France,Speaker,710.11,Active,NULL,8/14/2023
2769,Kevin King,Germany,Smartphone,576.16,Active,NULL,9/21/2023
2770,Candace Harris,UK,Printer,244.54,Completed,2/20/2024,2/12/2024
2771,Kayla Banks,Brazil,Smartphone,737.19,Active,NULL,7/16/2024
2772,Jeffrey Rivera,India,Tablet,886.15,Completed,6/17/2024,6/5/2024
2773,Gabriel Vasquez,India,Speaker,316.71,Active,NULL,4/16/2023
2774,Michelle Garrett,Australia,Tablet,654.8,Active,NULL,6/5/2024
2775,Jeffery Mills,USA,Tablet,309.39,Completed,9/10/2023,9/9/2023
2776,Bonnie Lucero,India,Tablet,535.19,Completed,11/7/2023,10/26/2023
2777,Debra Hughes,USA,Tablet,963.43,Active,NULL,6/17/2024
2778,Jessica White,Australia,Smartphone,997.3,Active,NULL,3/9/2024
2779,Debra Hughes,Japan,Mouse,539.1,Completed,12/9/2022,11/21/2022
2780,Debra Hughes,Japan,Smartphone,486.89,Completed,2/11/2024,1/24/2024
2781,Jeffrey Sims,France,Headphones,844.34,Active,NULL,9/13/2022
2782,James Moore,Canada,Monitor,790.35,Completed,1/10/2024,1/8/2024
2783,Bonnie Lucero,UK,Webcam,442.36,Completed,4/7/2024,3/30/2024
2784,Bonnie Lucero,Canada,Laptop,397.03,Completed,9/16/2023,9/14/2023
2785,Stacey Brown,Brazil,Smartphone,437.39,Completed,6/21/2024,6/17/2024
2786,Kayla Banks,India,Speaker,800.49,Completed,11/23/2022,11/11/2022
2787,Jeffrey Rivera,UK,Keyboard,274.08,Completed,10/6/2022,9/28/2022
2788,Stacey Brown,USA,Keyboard,233.81,Completed,1/4/2024,1/3/2024
2789,Gabriel Vasquez,Germany,Headphones,232.33,Active,NULL,2/9/2024
2790,Jeffrey Sims,Germany,Printer,323.83,Completed,8/17/2023,8/7/2023
2791,Jessica White,India,Speaker,534.16,Active,NULL,2/7/2024
2792,Debra Hughes,UK,Smartphone,211.09,Active,NULL,11/25/2023
2793,Jessica White,USA,Smartphone,431.58,Completed,4/13/2023,4/12/2023
2794,James Moore,China,Monitor,324.13,Completed,6/24/2024,6/9/2024
2795,Erin Arnold,Canada,Speaker,464.34,Completed,3/12/2024,3/10/2024
2796,Bonnie Lucero,Japan,Printer,914.31,Completed,8/26/2022,8/8/2022
2797,Debra Hughes,Brazil,Mouse,580.71,Completed,4/16/2023,4/12/2023
2798,Brandon Richards,France,Laptop,516.33,Completed,5/23/2023,5/17/2023
2799,Gabriel Vasquez,India,Laptop,420.92,Active,NULL,8/15/2022
2800,Brandon Richards,Germany,Laptop,531.7,Completed,6/19/2024,6/9/2024
2801,Cynthia Herman,USA,Laptop,445.26,Active,NULL,1/4/2024
2802,Stacey Brown,France,Laptop,965.71,Active,NULL,1/2/2024
2803,Kayla Banks,USA,Headphones,781.84,Active,NULL,12/15/2022
2804,Jeffery Mills,France,Speaker,185.2,Completed,5/4/2024,4/28/2024
2805,Gabriel Vasquez,UK,Monitor,192.25,Completed,10/22/2022,10/14/2022
2806,Erin Arnold,Germany,Webcam,494.94,Completed,7/13/2024,7/3/2024
2807,Cynthia Herman,Brazil,Speaker,565.12,Active,NULL,1/13/2024
2808,James Moore,Brazil,Laptop,103.18,Completed,10/4/2022,9/30/2022
2809,Michelle Garrett,India,Webcam,779.88,Active,NULL,12/8/2022
2810,Gabriel Vasquez,USA,Headphones,528.6,Completed,9/17/2022,9/16/2022
2811,Gabriel Vasquez,Canada,Laptop,899.33,Completed,5/7/2023,5/5/2023
2812,Erin Arnold,India,Headphones,157.12,Completed,12/3/2023,11/21/2023
2813,Erin Arnold,Japan,Smartphone,959.45,Completed,6/1/2024,5/14/2024
2814,Bonnie Lucero,Germany,Laptop,657.05,Completed,5/25/2023,5/15/2023
2815,Michelle Garrett,China,Headphones,546.37,Completed,12/26/2023,12/11/2023
2816,Stacey Brown,India,Mouse,161.63,Completed,5/1/2024,4/19/2024
2817,Jeffrey Rivera,Australia,Webcam,654.47,Completed,12/20/2022,11/30/2022
2818,Jessica White,UK,Headphones,939.1,Completed,9/20/2022,9/12/2022
2819,Candace Harris,Germany,Smartphone,310.61,Active,NULL,3/18/2023
2820,Jeffery Mills,Japan,Webcam,960.68,Completed,12/26/2022,12/8/2022
2821,Jessica White,USA,Monitor,265.27,Active,NULL,10/18/2022
2822,Jeffrey Rivera,India,Headphones,793.86,Completed,3/22/2023,3/10/2023
2823,Jeffrey Rivera,USA,Smartphone,448.75,Completed,12/7/2023,12/6/2023
2824,Catherine Roberts,USA,Headphones,165.86,Active,NULL,3/3/2024
2825,Jeffery Mills,France,Tablet,262.29,Completed,2/6/2023,1/31/2023
2826,Jeffrey Sims,USA,Monitor,374.57,Completed,1/12/2023,1/11/2023
2827,Catherine Roberts,Australia,Monitor,591.91,Completed,11/9/2022,10/20/2022
2828,Laurie Figueroa,India,Printer,973.09,Completed,8/19/2023,8/7/2023
2829,Laurie Figueroa,India,Printer,221.56,Completed,12/22/2022,12/10/2022
2830,Michelle Garrett,UK,Speaker,640.52,Active,NULL,10/13/2022
2831,Cynthia Herman,Japan,Webcam,868.98,Completed,5/11/2024,4/23/2024
2832,Justin Bowman,USA,Tablet,564.64,Completed,10/7/2023,10/6/2023
2833,Jessica White,Canada,Tablet,189.04,Completed,12/19/2022,12/17/2022
2834,Cynthia Herman,India,Laptop,654.65,Completed,9/30/2022,9/18/2022
2835,Sandra Henderson,Germany,Smartphone,739.03,Completed,1/3/2023,12/24/2022
2836,Candace Harris,UK,Headphones,469.43,Completed,4/6/2024,3/29/2024
2837,Erin Arnold,China,Headphones,140.8,Active,NULL,8/27/2023
2838,Catherine Roberts,Australia,Smartphone,669.5,Active,NULL,11/13/2023
2839,Jeffery Mills,India,Mouse,836.42,Completed,4/3/2023,3/22/2023
2840,Kevin King,Canada,Webcam,148.74,Completed,9/16/2022,9/14/2022
2841,Gabriel Vasquez,Australia,Printer,348.53,Active,NULL,6/19/2023
2842,Sandra Henderson,China,Keyboard,703.23,Completed,8/18/2024,8/3/2024
2843,Kevin King,USA,Headphones,720.5,Completed,1/6/2023,1/5/2023
2844,Laurie Figueroa,Japan,Speaker,220.07,Active,NULL,9/2/2022
2845,Stacey Brown,USA,Monitor,596.33,Completed,11/23/2023,11/22/2023
2846,Brandon Richards,Japan,Monitor,374.99,Completed,12/17/2023,11/29/2023
2847,Kayla Banks,Brazil,Printer,638.36,Completed,10/19/2022,10/15/2022
2848,Cynthia Herman,France,Mouse,752.61,Active,NULL,1/29/2024
2849,Erin Arnold,Brazil,Monitor,806.13,Completed,9/7/2022,9/3/2022
2850,Michelle Garrett,Germany,Speaker,178.45,Active,NULL,4/3/2024
2851,Jeffery Mills,UK,Smartphone,835.63,Active,NULL,11/28/2022
2852,Laurie Figueroa,Germany,Laptop,744.1,Completed,2/26/2023,2/16/2023
2853,Michelle Garrett,Japan,Mouse,834.22,Completed,7/27/2024,7/9/2024
2854,Jeffrey Rivera,Brazil,Keyboard,829.02,Completed,12/16/2022,12/12/2022
2855,Bonnie Lucero,Japan,Smartphone,534.25,Active,NULL,9/24/2022
2856,Justin Bowman,UK,Webcam,833.81,Completed,5/29/2023,5/21/2023
2857,Laurie Figueroa,India,Headphones,394.95,Completed,5/13/2023,5/1/2023
2858,Bonnie Lucero,China,Mouse,210.21,Active,NULL,8/15/2022
2859,Gabriel Vasquez,France,Webcam,256.63,Active,NULL,2/18/2024
2860,Catherine Roberts,Australia,Laptop,758.11,Active,NULL,5/9/2024
2861,Sandra Henderson,Canada,Laptop,993.76,Completed,1/17/2023,1/15/2023
2862,Cynthia Herman,Canada,Laptop,849.58,Completed,3/16/2023,3/14/2023
2863,Sandra Henderson,USA,Webcam,858.49,Completed,9/30/2023,9/29/2023
2864,Jeffrey Sims,Brazil,Keyboard,514.6,Completed,1/19/2023,1/15/2023
2865,Candace Harris,UK,Tablet,614.13,Active,NULL,3/14/2024
2866,Sandra Henderson,France,Smartphone,904.9,Completed,2/10/2023,2/4/2023
2867,Brandon Richards,Japan,Tablet,633.25,Active,NULL,11/28/2023
2868,Bonnie Lucero,Australia,Headphones,661.44,Completed,5/12/2023,4/22/2023
2869,Michelle Garrett,USA,Mouse,125.95,Active,NULL,3/27/2023
2870,Stacey Brown,Brazil,Printer,577.27,Active,NULL,5/14/2023
2871,Gabriel Vasquez,UK,Tablet,757.83,Completed,7/16/2024,7/8/2024
2872,Laurie Figueroa,France,Tablet,772.57,Completed,3/19/2024,3/13/2024
2873,Michelle Garrett,Australia,Webcam,192.16,Completed,12/30/2023,12/10/2023
2874,Brandon Richards,USA,Keyboard,752.29,Active,NULL,7/14/2023
2875,Jeffrey Sims,Canada,Smartphone,280.34,Completed,2/4/2023,2/2/2023
2876,Candace Harris,Canada,Headphones,364.8,Completed,6/11/2024,6/9/2024
2877,Bonnie Lucero,Australia,Mouse,250.76,Active,NULL,8/15/2023
2878,Jeffrey Sims,USA,Tablet,308.81,Completed,3/14/2024,3/13/2024
2879,Kevin King,Australia,Keyboard,924.24,Completed,10/29/2023,10/9/2023
2880,Catherine Roberts,Australia,Printer,110.56,Completed,4/11/2024,3/22/2024
2881,Sandra Henderson,Canada,Printer,767.03,Completed,5/20/2023,5/18/2023
2882,Jeffrey Rivera,Australia,Webcam,756.17,Completed,11/22/2022,11/2/2022
2883,Debra Hughes,China,Printer,968.82,Completed,6/20/2023,6/5/2023
2884,Erin Arnold,France,Monitor,643.45,Completed,5/29/2024,5/23/2024
2885,Brandon Richards,India,Speaker,194.75,Completed,4/27/2023,4/15/2023
2886,Sandra Henderson,UK,Monitor,532.99,Completed,10/1/2022,9/23/2022
2887,Kevin King,UK,Keyboard,101.1,Completed,9/1/2022,8/24/2022
2888,Jeffrey Rivera,Brazil,Monitor,633.83,Active,NULL,3/4/2023
2889,Michelle Garrett,Australia,Smartphone,112.4,Completed,8/5/2024,7/16/2024
2890,Brandon Richards,China,Smartphone,910.31,Completed,12/1/2023,11/16/2023
2891,Catherine Roberts,India,Webcam,999.65,Completed,11/27/2023,11/15/2023
2892,Justin Bowman,Canada,Webcam,905.62,Completed,2/25/2023,2/23/2023
2893,Brandon Richards,Australia,Laptop,650.77,Completed,11/11/2022,10/22/2022
2894,Bonnie Lucero,Japan,Laptop,945.37,Completed,1/18/2023,12/31/2022
2895,Laurie Figueroa,USA,Keyboard,489.58,Completed,3/12/2024,3/11/2024
2896,Erin Arnold,Australia,Printer,394.93,Completed,4/16/2024,3/27/2024
2897,Kayla Banks,Canada,Webcam,792.13,Completed,12/2/2022,11/30/2022
2898,Jessica White,Germany,Keyboard,190.48,Completed,12/17/2022,12/7/2022
2899,Jeffrey Sims,France,Laptop,899.93,Completed,12/12/2022,12/6/2022
2900,Jeffrey Sims,India,Webcam,676.23,Active,NULL,2/23/2024
2901,Catherine Roberts,France,Laptop,972.14,Completed,5/23/2024,5/17/2024
2902,Erin Arnold,China,Mouse,704.85,Completed,10/20/2022,10/5/2022
2903,Jessica White,China,Laptop,154.73,Completed,12/4/2022,11/19/2022
2904,Cynthia Herman,Australia,Speaker,512.48,Completed,2/24/2024,2/4/2024
2905,Laurie Figueroa,Germany,Smartphone,864.21,Active,NULL,2/16/2024
2906,Kayla Banks,India,Tablet,846.82,Completed,4/23/2024,4/11/2024
2907,Catherine Roberts,Australia,Keyboard,602.4,Completed,3/28/2023,3/8/2023
2908,Jeffrey Sims,USA,Laptop,192.13,Completed,1/10/2024,1/9/2024
2909,Kevin King,Japan,Tablet,437.17,Completed,5/11/2024,4/23/2024
2910,Brandon Richards,Japan,Smartphone,312.46,Active,NULL,9/24/2023
2911,Kayla Banks,India,Keyboard,415.86,Active,NULL,12/25/2022
2912,Brandon Richards,India,Laptop,864.79,Completed,2/28/2023,2/16/2023
2913,Erin Arnold,UK,Tablet,499.08,Active,NULL,12/22/2022
2914,Bonnie Lucero,UK,Monitor,814.63,Active,NULL,4/20/2024
2915,Debra Hughes,China,Printer,800.54,Completed,10/18/2023,10/3/2023
2916,Gabriel Vasquez,Brazil,Speaker,757.69,Active,NULL,2/2/2024
2917,Sandra Henderson,Canada,Headphones,353.13,Completed,3/9/2023,3/7/2023
2918,Jessica White,India,Laptop,667.96,Completed,5/26/2023,5/14/2023
2919,Gabriel Vasquez,Germany,Keyboard,580.98,Active,NULL,9/2/2022
2920,Bonnie Lucero,Japan,Monitor,906.3,Active,NULL,5/20/2023
2921,Stacey Brown,UK,Speaker,241.4,Completed,10/11/2023,10/3/2023
2922,Gabriel Vasquez,Japan,Headphones,445.76,Completed,9/27/2022,9/9/2022
2923,James Moore,Canada,Speaker,377.68,Completed,10/22/2022,10/20/2022
2924,Bonnie Lucero,Canada,Laptop,454.38,Completed,11/15/2022,11/13/2022
2925,Laurie Figueroa,India,Webcam,339.19,Active,NULL,8/30/2023
2926,Laurie Figueroa,USA,Laptop,536.9,Active,NULL,7/30/2024
2927,Cynthia Herman,UK,Mouse,287.72,Completed,1/15/2023,1/7/2023
2928,James Moore,Canada,Speaker,924.69,Completed,11/1/2023,10/30/2023
2929,Erin Arnold,Brazil,Printer,450.62,Active,NULL,12/1/2023
2930,Stacey Brown,UK,Webcam,568.73,Completed,1/2/2024,12/25/2023
2931,Laurie Figueroa,Australia,Smartphone,684.26,Completed,6/1/2023,5/12/2023
2932,Catherine Roberts,China,Speaker,171,Active,NULL,12/26/2023
2933,Sandra Henderson,Germany,Smartphone,695.1,Completed,3/22/2024,3/12/2024
2934,Laurie Figueroa,Germany,Webcam,351.96,Active,NULL,3/25/2024
2935,Jessica White,China,Keyboard,726.27,Active,NULL,7/9/2024
2936,Sandra Henderson,UK,Speaker,109.67,Completed,12/14/2023,12/6/2023
2937,Erin Arnold,Australia,Webcam,724.84,Completed,8/17/2024,7/28/2024
2938,Erin Arnold,USA,Speaker,550.2,Active,NULL,11/9/2022
2939,Laurie Figueroa,UK,Mouse,841.48,Completed,12/5/2023,11/27/2023
2940,Debra Hughes,Australia,Keyboard,765.1,Active,NULL,5/2/2024
2941,Jessica White,USA,Laptop,340.3,Completed,4/26/2023,4/25/2023
2942,Jeffrey Sims,India,Laptop,919.64,Active,NULL,10/10/2022
2943,Jessica White,Germany,Printer,958.18,Completed,10/22/2023,10/12/2023
2944,Brandon Richards,Australia,Mouse,193.74,Active,NULL,2/18/2024
2945,Jeffery Mills,Germany,Tablet,143.51,Active,NULL,8/15/2023
2946,Erin Arnold,Germany,Tablet,744.62,Active,NULL,1/1/2023
2947,Cynthia Herman,India,Monitor,291.8,Completed,2/26/2024,2/14/2024
2948,Catherine Roberts,Canada,Monitor,410.44,Active,NULL,5/26/2023
2949,Justin Bowman,Germany,Headphones,267.68,Completed,5/18/2023,5/8/2023
2950,Erin Arnold,China,Mouse,583.07,Completed,9/29/2023,9/14/2023
2951,Kevin King,Japan,Printer,472.9,Completed,12/7/2022,11/19/2022
2952,Candace Harris,India,Smartphone,750.82,Active,NULL,1/21/2023
2953,Jeffery Mills,Germany,Smartphone,894.56,Active,NULL,3/17/2023
2954,Brandon Richards,Germany,Mouse,686.69,Completed,12/7/2022,11/27/2022
2955,Michelle Garrett,Canada,Speaker,546.51,Completed,3/15/2024,3/13/2024
2956,Gabriel Vasquez,Australia,Mouse,390.67,Completed,12/14/2022,11/24/2022
2957,Michelle Garrett,China,Keyboard,785.22,Completed,10/10/2023,9/25/2023
2958,Kayla Banks,India,Tablet,956.12,Completed,12/19/2023,12/7/2023
2959,Candace Harris,China,Smartphone,501.48,Completed,11/26/2023,11/11/2023
2960,Jeffery Mills,Japan,Laptop,965.32,Completed,9/30/2022,9/12/2022
2961,Jessica White,Canada,Mouse,250.22,Active,NULL,3/22/2024
2962,Cynthia Herman,China,Smartphone,177.45,Active,NULL,6/30/2023
2963,Kevin King,Japan,Laptop,943.51,Active,NULL,5/21/2024
2964,Kevin King,France,Keyboard,101.97,Completed,6/8/2024,6/2/2024
2965,Candace Harris,India,Speaker,209.63,Active,NULL,10/23/2023
2966,Kayla Banks,China,Mouse,531.27,Active,NULL,2/23/2023
2967,Jeffrey Rivera,Germany,Speaker,151.29,Active,NULL,9/21/2022
2968,Jeffrey Sims,Canada,Monitor,957.19,Completed,7/27/2023,7/25/2023
2969,Bonnie Lucero,USA,Smartphone,110.82,Active,NULL,6/1/2024
2970,Sandra Henderson,France,Monitor,723.98,Completed,10/29/2023,10/23/2023
2971,Cynthia Herman,Germany,Headphones,766.66,Active,NULL,3/2/2023
2972,Debra Hughes,Germany,Mouse,670.61,Completed,4/6/2024,3/27/2024
2973,Stacey Brown,India,Mouse,937.01,Active,NULL,7/28/2024
2974,Kayla Banks,Japan,Smartphone,147.6,Completed,7/24/2024,7/6/2024
2975,Stacey Brown,France,Smartphone,517.91,Active,NULL,12/30/2022
2976,Catherine Roberts,France,Speaker,495.63,Active,NULL,1/25/2023
2977,Kevin King,Japan,Webcam,188.71,Active,NULL,11/22/2022
2978,Laurie Figueroa,UK,Printer,455.49,Completed,1/20/2024,1/12/2024
2979,Kevin King,USA,Laptop,486.8,Completed,8/23/2023,8/22/2023
2980,Jessica White,France,Monitor,423.02,Completed,1/3/2023,12/28/2022
2981,Justin Bowman,Brazil,Tablet,841.64,Completed,8/17/2022,8/13/2022
2982,Jessica White,Japan,Laptop,917.16,Completed,1/15/2023,12/28/2022
2983,Bonnie Lucero,Canada,Laptop,978.37,Completed,12/9/2023,12/7/2023
2984,Laurie Figueroa,France,Keyboard,199.34,Active,NULL,7/15/2023
2985,Erin Arnold,UK,Keyboard,127.38,Completed,1/24/2024,1/16/2024
2986,Bonnie Lucero,Brazil,Monitor,766.34,Active,NULL,11/10/2022
2987,Debra Hughes,France,Laptop,595.08,Active,NULL,4/10/2023
2988,Kayla Banks,China,Printer,492.99,Completed,8/7/2023,7/23/2023
2989,Gabriel Vasquez,Brazil,Webcam,492.58,Completed,5/16/2023,5/12/2023
2990,Justin Bowman,USA,Printer,285.26,Active,NULL,4/16/2023
2991,Jeffrey Sims,Germany,Printer,661.99,Completed,7/12/2024,7/2/2024
2992,Bonnie Lucero,Brazil,Tablet,879.88,Active,NULL,7/6/2023
2993,Jeffrey Sims,UK,Smartphone,600.33,Completed,2/27/2023,2/19/2023
2994,Jeffery Mills,India,Smartphone,704.35,Completed,9/23/2023,9/11/2023
2995,Jessica White,France,Smartphone,782.91,Completed,6/8/2023,6/2/2023
2996,Debra Hughes,Germany,Mouse,163.74,Active,NULL,6/28/2024
2997,Jeffrey Rivera,Brazil,Keyboard,771.95,Active,NULL,5/24/2023
2998,Bonnie Lucero,France,Monitor,643.52,Completed,6/20/2023,6/14/2023
2999,Gabriel Vasquez,Japan,Laptop,618.23,Completed,6/27/2024,6/9/2024
3000,Cynthia Herman,UK,Tablet,576.74,Completed,8/15/2023,8/7/2023
3001,Jessica White,India,Monitor,891.77,Completed,7/7/2023,6/25/2023
3002,Sandra Henderson,India,Smartphone,670.04,Active,NULL,8/20/2022
3003,James Moore,France,Printer,682.07,Completed,9/14/2023,9/8/2023
3004,Justin Bowman,USA,Smartphone,412.22,Completed,12/16/2022,12/15/2022
3005,Kevin King,Canada,Smartphone,781.07,Completed,11/7/2022,11/5/2022
3006,Jeffery Mills,Brazil,Mouse,614.32,Completed,12/9/2022,12/5/2022
3007,Kayla Banks,UK,Mouse,806.88,Completed,8/28/2023,8/20/2023
3008,Jessica White,France,Webcam,858.46,Active,NULL,2/4/2024
3009,Kevin King,Germany,Tablet,795.06,Active,NULL,4/13/2024
3010,Jessica White,Brazil,Smartphone,614.67,Completed,1/21/2024,1/17/2024
3011,Jessica White,India,Printer,666.01,Completed,11/19/2023,11/7/2023
3012,Stacey Brown,Germany,Headphones,473.48,Completed,2/9/2023,1/30/2023
3013,Bonnie Lucero,India,Smartphone,812.84,Active,NULL,8/15/2023
3014,Michelle Garrett,Brazil,Printer,725.85,Completed,5/16/2023,5/12/2023
3015,James Moore,Canada,Monitor,666.91,Active,NULL,7/2/2023
3016,Jeffery Mills,Germany,Smartphone,931.86,Completed,2/5/2023,1/26/2023
3017,Bonnie Lucero,UK,Keyboard,136.2,Completed,7/22/2023,7/14/2023
3018,Jeffery Mills,Brazil,Headphones,220.41,Completed,5/30/2023,5/26/2023
3019,Sandra Henderson,Japan,Printer,532.65,Completed,7/17/2023,6/29/2023
3020,Brandon Richards,France,Mouse,763.04,Active,NULL,12/22/2022
3021,Laurie Figueroa,USA,Printer,651.89,Completed,12/4/2022,12/3/2022
3022,Jessica White,Japan,Mouse,382.53,Active,NULL,6/21/2023
3023,Laurie Figueroa,Australia,Printer,177.5,Active,NULL,3/14/2023
3024,Gabriel Vasquez,China,Printer,888.48,Completed,3/16/2023,3/1/2023
3025,Michelle Garrett,Germany,Printer,545.41,Completed,5/9/2024,4/29/2024
3026,Brandon Richards,Canada,Laptop,975.79,Completed,9/30/2022,9/28/2022
3027,Laurie Figueroa,Canada,Mouse,495.92,Completed,4/23/2023,4/21/2023
3028,Catherine Roberts,India,Webcam,557.66,Completed,6/11/2024,5/30/2024
3029,Sandra Henderson,Japan,Speaker,806.53,Completed,12/11/2022,11/23/2022
3030,James Moore,USA,Speaker,458.05,Completed,12/18/2022,12/17/2022
3031,Catherine Roberts,France,Speaker,556.41,Completed,4/29/2024,4/23/2024
3032,Kayla Banks,Canada,Speaker,917.35,Active,NULL,12/7/2023
3033,Laurie Figueroa,Brazil,Webcam,780.27,Completed,10/17/2023,10/13/2023
3034,Kayla Banks,India,Speaker,337.09,Completed,9/25/2023,9/13/2023
3035,Bonnie Lucero,Australia,Printer,562.54,Active,NULL,4/12/2024
3036,James Moore,India,Webcam,798.05,Active,NULL,9/24/2022
3037,Michelle Garrett,France,Monitor,479.7,Completed,2/4/2024,1/29/2024
3038,Candace Harris,Canada,Laptop,175.89,Completed,4/27/2023,4/25/2023
3039,Sandra Henderson,USA,Speaker,994.91,Completed,9/24/2023,9/23/2023
3040,Michelle Garrett,China,Printer,102.03,Completed,4/17/2023,4/2/2023
3041,Bonnie Lucero,China,Monitor,267.62,Completed,1/18/2024,1/3/2024
3042,Jessica White,Brazil,Headphones,927.39,Completed,8/2/2024,7/29/2024
3043,Kevin King,Australia,Laptop,178.11,Active,NULL,3/14/2024
3044,Laurie Figueroa,Brazil,Laptop,744,Completed,8/3/2024,7/30/2024
3045,Jessica White,Germany,Smartphone,903.14,Active,NULL,1/24/2024
3046,Erin Arnold,Germany,Mouse,418.86,Completed,2/22/2023,2/12/2023
3047,Candace Harris,India,Monitor,139.78,Completed,10/12/2023,9/30/2023
3048,Jeffery Mills,USA,Smartphone,434.59,Active,NULL,2/25/2023
3049,Brandon Richards,USA,Mouse,527.98,Completed,10/30/2023,10/29/2023
3050,Jeffrey Sims,Australia,Headphones,859.46,Active,NULL,7/5/2024
3051,Jeffrey Rivera,Canada,Printer,122.8,Completed,4/25/2024,4/23/2024
3052,Jeffrey Rivera,Canada,Headphones,868.86,Completed,7/20/2024,7/18/2024
3053,Gabriel Vasquez,Canada,Monitor,399,Completed,10/15/2022,10/13/2022
3054,Laurie Figueroa,France,Tablet,477.36,Completed,2/7/2023,2/1/2023
3055,Kayla Banks,Brazil,Keyboard,280.81,Completed,1/6/2024,1/2/2024
3056,Michelle Garrett,China,Mouse,526.29,Active,NULL,3/26/2024
3057,Laurie Figueroa,Germany,Webcam,849.26,Completed,3/15/2023,3/5/2023
3058,Jeffrey Rivera,Germany,Keyboard,978.12,Completed,12/8/2022,11/28/2022
3059,Sandra Henderson,Australia,Printer,205.43,Completed,10/2/2022,9/12/2022
3060,Kevin King,Brazil,Headphones,977.1,Active,NULL,8/2/2023
3061,Jeffrey Rivera,Australia,Speaker,827.51,Active,NULL,12/21/2022
3062,Catherine Roberts,Australia,Laptop,317.59,Active,NULL,9/11/2023
3063,Kevin King,India,Smartphone,976.6,Completed,5/11/2024,4/29/2024
3064,Debra Hughes,Germany,Laptop,635.65,Completed,2/14/2024,2/4/2024
3065,Michelle Garrett,Australia,Monitor,670.47,Active,NULL,4/30/2023
3066,Jeffrey Rivera,India,Monitor,639.82,Completed,6/26/2023,6/14/2023
3067,Laurie Figueroa,Canada,Speaker,172.29,Completed,7/14/2023,7/12/2023
3068,Cynthia Herman,USA,Printer,498.67,Completed,7/2/2024,7/1/2024
3069,Kevin King,India,Webcam,477.4,Active,NULL,11/11/2022
3070,Michelle Garrett,Australia,Headphones,246.08,Active,NULL,11/19/2022
3071,Debra Hughes,Canada,Webcam,750.09,Active,NULL,3/16/2023
3072,Kevin King,Canada,Monitor,760.33,Completed,5/6/2024,5/4/2024
3073,Erin Arnold,Australia,Speaker,834.47,Completed,7/10/2023,6/20/2023
3074,Gabriel Vasquez,France,Speaker,128.4,Active,NULL,9/19/2023
3075,Bonnie Lucero,Brazil,Mouse,648.2,Completed,1/17/2023,1/13/2023
3076,Michelle Garrett,USA,Mouse,665.98,Completed,9/17/2022,9/16/2022
3077,Jeffrey Rivera,India,Mouse,585.5,Completed,6/16/2024,6/4/2024
3078,Catherine Roberts,India,Laptop,310.76,Completed,4/27/2024,4/15/2024
3079,James Moore,India,Webcam,463.63,Active,NULL,12/2/2022
3080,Bonnie Lucero,Brazil,Headphones,413.72,Active,NULL,9/3/2023
3081,Stacey Brown,India,Mouse,784.5,Active,NULL,2/17/2024
3082,Debra Hughes,China,Webcam,692.07,Completed,4/6/2024,3/22/2024
3083,Catherine Roberts,Australia,Smartphone,412.32,Completed,8/22/2024,8/2/2024
3084,Sandra Henderson,USA,Speaker,536.44,Completed,2/24/2023,2/23/2023
3085,Erin Arnold,China,Speaker,674.92,Completed,4/7/2023,3/23/2023
3086,Michelle Garrett,Japan,Tablet,508.85,Active,NULL,12/23/2022
3087,Gabriel Vasquez,Australia,Speaker,548.35,Active,NULL,12/2/2023
3088,Cynthia Herman,Brazil,Printer,643.49,Completed,11/11/2023,11/7/2023
3089,Michelle Garrett,China,Printer,789.78,Completed,10/30/2023,10/15/2023
3090,Laurie Figueroa,USA,Speaker,936.05,Completed,10/3/2022,10/2/2022
3091,Erin Arnold,China,Tablet,399.15,Active,NULL,2/10/2023
3092,Kevin King,India,Tablet,592.43,Completed,2/7/2023,1/26/2023
3093,Candace Harris,UK,Monitor,618.83,Completed,11/25/2023,11/17/2023
3094,Brandon Richards,China,Keyboard,569.77,Completed,7/15/2023,6/30/2023
3095,Jessica White,UK,Monitor,507.49,Active,NULL,5/30/2024
3096,Justin Bowman,France,Speaker,403.93,Active,NULL,12/17/2022
3097,Brandon Richards,Germany,Headphones,192.67,Completed,8/10/2023,7/31/2023
3098,Jeffery Mills,UK,Laptop,455.27,Completed,12/5/2022,11/27/2022
3099,Sandra Henderson,France,Speaker,103.43,Active,NULL,3/8/2023
3100,Cynthia Herman,Australia,Laptop,899.06,Completed,9/27/2023,9/7/2023
3101,Debra Hughes,France,Headphones,894.29,Completed,11/14/2022,11/8/2022
3102,Laurie Figueroa,France,Laptop,994.69,Completed,1/12/2024,1/6/2024
3103,Jessica White,Australia,Speaker,176.18,Completed,12/21/2023,12/1/2023
3104,Kayla Banks,Brazil,Headphones,196,Completed,7/10/2023,7/6/2023
3105,Candace Harris,Germany,Laptop,985.49,Completed,2/4/2023,1/25/2023
3106,Laurie Figueroa,Brazil,Mouse,239.76,Completed,6/30/2023,6/26/2023
3107,Stacey Brown,UK,Webcam,425.92,Active,NULL,5/30/2024
3108,Laurie Figueroa,Japan,Speaker,918.29,Completed,4/13/2024,3/26/2024
3109,Candace Harris,China,Keyboard,492.2,Completed,6/19/2024,6/4/2024
3110,Sandra Henderson,Brazil,Printer,637.37,Active,NULL,8/10/2022
3111,Erin Arnold,Brazil,Speaker,572.62,Completed,5/8/2023,5/4/2023
3112,Cynthia Herman,Germany,Mouse,336.78,Completed,5/1/2024,4/21/2024
3113,Jeffrey Sims,Canada,Laptop,984.23,Completed,12/22/2023,12/20/2023
3114,Candace Harris,Japan,Mouse,962.36,Active,NULL,2/11/2023
3115,Debra Hughes,China,Printer,101.56,Completed,9/23/2023,9/8/2023
3116,Jeffery Mills,China,Speaker,641.26,Active,NULL,5/12/2023
3117,Jessica White,Japan,Smartphone,696.42,Completed,12/8/2023,11/20/2023
3118,Brandon Richards,USA,Laptop,200.24,Active,NULL,1/5/2024
3119,Cynthia Herman,Canada,Printer,882.81,Active,NULL,6/29/2024
3120,Jeffrey Rivera,France,Laptop,952.31,Completed,7/24/2023,7/18/2023
3121,Gabriel Vasquez,Japan,Mouse,425.76,Active,NULL,10/3/2023
3122,Michelle Garrett,Canada,Laptop,757.84,Active,NULL,11/20/2023
3123,Brandon Richards,Australia,Laptop,953.36,Active,NULL,7/1/2023
3124,Kayla Banks,Germany,Monitor,349.14,Active,NULL,3/20/2024
3125,Debra Hughes,Japan,Laptop,842.37,Completed,11/29/2023,11/11/2023
3126,Erin Arnold,France,Mouse,949.99,Active,NULL,9/6/2022
3127,Jessica White,France,Keyboard,990.57,Completed,8/31/2022,8/25/2022
3128,Erin Arnold,USA,Webcam,769.03,Active,NULL,3/9/2023
3129,Michelle Garrett,Australia,Printer,151.49,Active,NULL,11/30/2023
3130,Gabriel Vasquez,USA,Tablet,944.06,Completed,10/8/2023,10/7/2023
3131,Jeffrey Rivera,India,Headphones,301.25,Completed,7/1/2023,6/19/2023
3132,Michelle Garrett,India,Webcam,614.89,Completed,12/8/2022,11/26/2022
3133,Bonnie Lucero,Brazil,Monitor,169.72,Completed,2/28/2023,2/24/2023
3134,James Moore,India,Smartphone,755.73,Completed,12/4/2022,11/22/2022
3135,James Moore,Brazil,Keyboard,822.22,Completed,3/12/2023,3/8/2023
3136,Cynthia Herman,Japan,Laptop,279.11,Completed,9/4/2022,8/17/2022
3137,James Moore,USA,Mouse,471.1,Completed,5/30/2024,5/29/2024
3138,Gabriel Vasquez,China,Headphones,447.14,Completed,5/1/2023,4/16/2023
3139,Jeffrey Sims,UK,Smartphone,979.52,Completed,10/21/2022,10/13/2022
3140,Jeffrey Rivera,Japan,Printer,439.27,Completed,2/23/2024,2/5/2024
3141,Stacey Brown,USA,Webcam,778.79,Completed,5/6/2024,5/5/2024
3142,Kayla Banks,Germany,Printer,511.02,Completed,11/15/2023,11/5/2023
3143,Brandon Richards,China,Mouse,685.21,Completed,4/8/2024,3/24/2024
3144,Gabriel Vasquez,Japan,Webcam,791.03,Completed,5/1/2024,4/13/2024
3145,James Moore,Brazil,Keyboard,260.04,Active,NULL,11/20/2023
3146,Justin Bowman,India,Monitor,419.71,Completed,5/9/2024,4/27/2024
3147,Candace Harris,Germany,Smartphone,324.78,Completed,5/21/2024,5/11/2024
3148,Candace Harris,Canada,Tablet,662,Active,NULL,3/27/2024
3149,Jessica White,USA,Smartphone,330.97,Completed,12/26/2023,12/25/2023
3150,Brandon Richards,Germany,Tablet,624.61,Completed,1/31/2023,1/21/2023
3151,Michelle Garrett,Australia,Mouse,762.89,Completed,9/18/2022,8/29/2022
3152,Bonnie Lucero,Australia,Monitor,136.96,Completed,10/31/2022,10/11/2022
3153,Jeffrey Sims,France,Laptop,337.76,Completed,9/20/2022,9/14/2022
3154,Kayla Banks,UK,Tablet,213.53,Active,NULL,8/12/2023
3155,Stacey Brown,UK,Webcam,498.38,Completed,10/9/2023,10/1/2023
3156,Jeffrey Rivera,India,Webcam,866.11,Active,NULL,6/7/2024
3157,Erin Arnold,China,Speaker,694.2,Completed,6/6/2024,5/22/2024
3158,Erin Arnold,Australia,Monitor,773.97,Completed,5/1/2024,4/11/2024
3159,Kevin King,China,Smartphone,629.35,Active,NULL,7/16/2023
3160,Jeffery Mills,Japan,Printer,189,Completed,6/15/2024,5/28/2024
3161,James Moore,Japan,Smartphone,407.44,Active,NULL,1/16/2024
3162,Candace Harris,Germany,Tablet,814.24,Completed,9/4/2023,8/25/2023
3163,Catherine Roberts,India,Mouse,296.18,Completed,1/30/2023,1/18/2023
3164,Gabriel Vasquez,Australia,Speaker,179.87,Completed,6/13/2023,5/24/2023
3165,Kevin King,Canada,Keyboard,548.85,Completed,4/22/2024,4/20/2024
3166,Catherine Roberts,USA,Speaker,701.46,Completed,4/23/2024,4/22/2024
3167,Bonnie Lucero,India,Laptop,581.47,Completed,12/27/2023,12/15/2023
3168,Gabriel Vasquez,Canada,Tablet,144.47,Completed,6/3/2024,6/1/2024
3169,Jeffrey Rivera,Japan,Smartphone,119.36,Completed,4/9/2023,3/22/2023
3170,Laurie Figueroa,Japan,Mouse,681.37,Completed,11/9/2022,10/22/2022
3171,Erin Arnold,Japan,Mouse,894.64,Active,NULL,8/27/2022
3172,Gabriel Vasquez,Brazil,Mouse,235.77,Active,NULL,11/23/2022
3173,Jeffrey Sims,France,Printer,756.11,Completed,11/30/2023,11/24/2023
3174,Laurie Figueroa,Australia,Printer,978.16,Completed,6/14/2023,5/25/2023
3175,Stacey Brown,Canada,Speaker,278.52,Completed,5/5/2024,5/3/2024
3176,Bonnie Lucero,USA,Printer,550.47,Completed,7/28/2023,7/27/2023
3177,Catherine Roberts,UK,Monitor,834.33,Completed,11/22/2022,11/14/2022
3178,Gabriel Vasquez,USA,Laptop,344.05,Completed,4/9/2023,4/8/2023
3179,Catherine Roberts,Japan,Mouse,517.54,Completed,12/25/2023,12/7/2023
3180,Kayla Banks,India,Laptop,277.67,Completed,2/11/2024,1/30/2024
3181,Brandon Richards,France,Speaker,119.23,Completed,1/18/2024,1/12/2024
3182,Jeffrey Rivera,UK,Tablet,370.7,Completed,4/4/2024,3/27/2024
3183,Gabriel Vasquez,Brazil,Keyboard,777.12,Completed,8/16/2023,8/12/2023
3184,Kayla Banks,France,Keyboard,653.75,Completed,4/23/2024,4/17/2024
3185,Stacey Brown,Japan,Laptop,212.34,Completed,2/26/2024,2/8/2024
3186,Kevin King,China,Tablet,574.74,Completed,11/9/2022,10/25/2022
3187,James Moore,Japan,Laptop,895.76,Active,NULL,7/23/2023
3188,Debra Hughes,Brazil,Speaker,929.14,Completed,12/31/2023,12/27/2023
3189,Sandra Henderson,Germany,Webcam,128.04,Completed,1/5/2024,12/26/2023
3190,Brandon Richards,India,Printer,464.87,Completed,10/21/2022,10/9/2022
3191,Debra Hughes,Germany,Keyboard,802.47,Completed,1/7/2024,12/28/2023
3192,Michelle Garrett,France,Mouse,208.59,Completed,8/20/2022,8/14/2022
3193,James Moore,USA,Monitor,144.42,Completed,7/13/2023,7/12/2023
3194,Jeffery Mills,USA,Printer,331.36,Completed,7/6/2024,7/5/2024
3195,Justin Bowman,UK,Speaker,462.65,Completed,1/1/2023,12/24/2022
3196,Kayla Banks,Brazil,Monitor,837.74,Completed,6/20/2023,6/16/2023
3197,Gabriel Vasquez,France,Speaker,478.38,Completed,4/27/2023,4/21/2023
3198,Debra Hughes,UK,Tablet,481.53,Active,NULL,4/17/2024
3199,Bonnie Lucero,China,Smartphone,200,Completed,8/2/2023,7/18/2023
3200,Jeffrey Sims,France,Webcam,342.98,Active,NULL,6/1/2024
3201,Jeffrey Rivera,UK,Laptop,803.6,Active,NULL,12/12/2022
3202,Bonnie Lucero,Australia,Laptop,298.51,Active,NULL,6/21/2024
3203,Stacey Brown,Germany,Headphones,158.96,Completed,4/4/2023,3/25/2023
3204,Stacey Brown,Brazil,Tablet,732.69,Completed,8/31/2023,8/27/2023
3205,Jeffrey Sims,Canada,Tablet,390.51,Completed,11/18/2022,11/16/2022
3206,Brandon Richards,Germany,Smartphone,434.1,Completed,7/23/2024,7/13/2024
3207,Laurie Figueroa,Japan,Headphones,948.19,Completed,7/18/2024,6/30/2024
3208,Gabriel Vasquez,China,Monitor,912.05,Active,NULL,7/8/2024
3209,Kayla Banks,Brazil,Keyboard,737.92,Active,NULL,10/22/2023
3210,Cynthia Herman,UK,Speaker,834.92,Active,NULL,5/22/2024
3211,Brandon Richards,USA,Smartphone,643.37,Completed,11/30/2023,11/29/2023
3212,Kayla Banks,UK,Webcam,970.58,Completed,5/15/2024,5/7/2024
3213,James Moore,UK,Tablet,111.29,Completed,7/22/2024,7/14/2024
3214,Jessica White,Brazil,Tablet,272.49,Completed,3/20/2024,3/16/2024
3215,Brandon Richards,Brazil,Headphones,558.71,Active,NULL,6/12/2024
3216,Brandon Richards,Australia,Webcam,695.68,Completed,3/15/2024,2/24/2024
3217,Kayla Banks,Australia,Keyboard,514.91,Active,NULL,2/10/2024
3218,Jeffrey Rivera,Canada,Webcam,897.73,Completed,5/1/2024,4/29/2024
3219,Jeffery Mills,Germany,Monitor,881.16,Completed,9/22/2023,9/12/2023
3220,Sandra Henderson,UK,Headphones,272.18,Completed,6/5/2024,5/28/2024
3221,Justin Bowman,France,Monitor,609.24,Completed,4/11/2023,4/5/2023
3222,Kayla Banks,France,Tablet,937.06,Completed,4/13/2024,4/7/2024
3223,Cynthia Herman,UK,Headphones,150.58,Completed,1/16/2023,1/8/2023
3224,Bonnie Lucero,USA,Keyboard,582.36,Completed,12/3/2022,12/2/2022
3225,Gabriel Vasquez,Australia,Mouse,970.88,Active,NULL,6/9/2024
3226,Jessica White,USA,Monitor,952.29,Completed,8/16/2023,8/15/2023
3227,Michelle Garrett,Brazil,Keyboard,426.63,Active,NULL,10/24/2023
3228,Laurie Figueroa,Canada,Keyboard,230.53,Active,NULL,6/3/2024
3229,Cynthia Herman,Germany,Tablet,951.17,Completed,12/19/2022,12/9/2022
3230,Sandra Henderson,USA,Mouse,865.85,Completed,5/27/2023,5/26/2023
3231,Gabriel Vasquez,India,Webcam,399.69,Completed,9/24/2023,9/12/2023
3232,Jeffrey Rivera,UK,Mouse,571.06,Active,NULL,12/29/2022
3233,Jeffrey Sims,India,Speaker,477.83,Active,NULL,10/15/2023
3234,Laurie Figueroa,UK,Tablet,913.85,Active,NULL,11/2/2022
3235,Cynthia Herman,France,Headphones,452.89,Active,NULL,8/29/2023
3236,Laurie Figueroa,Brazil,Webcam,811.63,Completed,5/12/2024,5/8/2024
3237,Jeffery Mills,UK,Mouse,513.78,Completed,2/21/2023,2/13/2023
3238,Kevin King,Germany,Headphones,344.27,Active,NULL,6/2/2023
3239,Jessica White,Japan,Webcam,738.38,Completed,12/18/2023,11/30/2023
3240,Brandon Richards,Japan,Headphones,915.48,Active,NULL,8/11/2022
3241,Cynthia Herman,Brazil,Smartphone,117.86,Completed,12/7/2023,12/3/2023
3242,Stacey Brown,France,Laptop,720.8,Active,NULL,12/5/2022
3243,Bonnie Lucero,Australia,Webcam,730.48,Completed,8/27/2023,8/7/2023
3244,Stacey Brown,China,Laptop,867.03,Completed,8/6/2023,7/22/2023
3245,Gabriel Vasquez,Germany,Monitor,491.18,Completed,5/6/2023,4/26/2023
3246,Stacey Brown,Germany,Keyboard,627.87,Active,NULL,2/25/2024
3247,Sandra Henderson,Japan,Webcam,647.2,Active,NULL,7/25/2024
3248,Erin Arnold,Germany,Webcam,790.37,Completed,12/13/2022,12/3/2022
3249,Bonnie Lucero,Canada,Mouse,120.56,Active,NULL,2/25/2024
3250,Catherine Roberts,Canada,Headphones,253.24,Completed,6/9/2023,6/7/2023
3251,Jeffrey Rivera,Australia,Smartphone,308.11,Completed,2/12/2023,1/23/2023
3252,Jeffrey Sims,China,Webcam,804.05,Completed,4/20/2024,4/5/2024
3253,Kevin King,China,Laptop,689.98,Completed,11/26/2022,11/11/2022
3254,Michelle Garrett,Brazil,Keyboard,339.99,Completed,12/16/2022,12/12/2022
3255,Jeffery Mills,UK,Headphones,872.06,Completed,2/6/2023,1/29/2023
3256,Erin Arnold,Canada,Webcam,295.6,Completed,2/21/2023,2/19/2023
3257,Stacey Brown,Japan,Tablet,141.48,Active,NULL,2/1/2023
3258,Jessica White,Brazil,Laptop,369.75,Completed,4/3/2023,3/30/2023
3259,Debra Hughes,Australia,Laptop,175.78,Completed,10/31/2023,10/11/2023
3260,Sandra Henderson,Australia,Monitor,967.31,Completed,4/14/2023,3/25/2023
3261,Debra Hughes,UK,Headphones,446.36,Active,NULL,10/16/2022
3262,Kayla Banks,USA,Mouse,506.94,Active,NULL,9/23/2022
3263,Debra Hughes,Japan,Speaker,575.51,Completed,10/15/2022,9/27/2022
3264,Kevin King,USA,Monitor,697.66,Completed,1/9/2024,1/8/2024
3265,Erin Arnold,India,Monitor,185.1,Completed,8/1/2024,7/20/2024
3266,Jeffrey Sims,Australia,Smartphone,866.07,Completed,12/28/2023,12/8/2023
3267,Kevin King,Canada,Webcam,668.06,Completed,7/6/2024,7/4/2024
3268,Gabriel Vasquez,Brazil,Smartphone,786.89,Completed,8/30/2022,8/26/2022
3269,Kayla Banks,UK,Monitor,754.32,Active,NULL,5/22/2024
3270,Michelle Garrett,Australia,Printer,162.75,Completed,9/12/2022,8/23/2022
3271,Justin Bowman,India,Tablet,226.63,Completed,11/23/2022,11/11/2022
3272,Brandon Richards,France,Headphones,975.85,Completed,9/27/2022,9/21/2022
3273,Michelle Garrett,China,Tablet,962.28,Completed,3/16/2024,3/1/2024
3274,Bonnie Lucero,Brazil,Speaker,179.84,Completed,12/28/2023,12/24/2023
3275,James Moore,Germany,Laptop,177.68,Completed,8/27/2022,8/17/2022
3276,Debra Hughes,Canada,Headphones,146.76,Active,NULL,3/24/2023
3277,Gabriel Vasquez,India,Laptop,180.93,Active,NULL,2/2/2023
3278,Jeffrey Rivera,USA,Printer,767.15,Completed,5/23/2023,5/22/2023
3279,Catherine Roberts,India,Mouse,503.04,Active,NULL,9/11/2022
3280,Laurie Figueroa,Germany,Printer,942.17,Active,NULL,4/28/2023
3281,Cynthia Herman,UK,Speaker,673.39,Completed,5/4/2024,4/26/2024
3282,Michelle Garrett,China,Headphones,295.83,Completed,11/22/2022,11/7/2022
3283,Kevin King,USA,Laptop,162.48,Completed,9/5/2023,9/4/2023
3284,Jeffrey Rivera,Brazil,Laptop,933.18,Completed,11/13/2022,11/9/2022
3285,Jeffrey Sims,India,Laptop,264.77,Active,NULL,4/24/2024
3286,Laurie Figueroa,Japan,Mouse,540.5,Completed,11/12/2023,10/25/2023
3287,Laurie Figueroa,France,Printer,826.1,Completed,8/23/2023,8/17/2023
3288,Michelle Garrett,Germany,Smartphone,812.62,Active,NULL,8/19/2023
3289,Cynthia Herman,Australia,Laptop,686.28,Completed,4/24/2024,4/4/2024
3290,Sandra Henderson,Australia,Mouse,861.46,Completed,5/21/2024,5/1/2024
3291,James Moore,Canada,Laptop,460.39,Completed,3/19/2023,3/17/2023
3292,Stacey Brown,France,Laptop,575.54,Completed,10/21/2023,10/15/2023
3293,Bonnie Lucero,USA,Smartphone,795.88,Completed,8/26/2022,8/25/2022
3294,Gabriel Vasquez,Australia,Laptop,261.14,Completed,9/25/2023,9/5/2023
3295,Erin Arnold,Canada,Speaker,353.51,Active,NULL,4/26/2023
3296,Stacey Brown,France,Headphones,718.54,Active,NULL,10/3/2023
3297,Bonnie Lucero,Brazil,Keyboard,822.59,Active,NULL,10/28/2022
3298,Kayla Banks,China,Laptop,556.54,Completed,5/23/2023,5/8/2023
3299,Kayla Banks,France,Tablet,251.25,Completed,11/27/2022,11/21/2022
3300,Kayla Banks,Japan,Headphones,837.79,Completed,12/17/2022,11/29/2022
3301,Michelle Garrett,Japan,Tablet,229.77,Completed,7/20/2023,7/2/2023
3302,Jeffery Mills,China,Headphones,485.32,Active,NULL,10/9/2022
3303,Laurie Figueroa,Germany,Headphones,521.77,Active,NULL,3/16/2024
3304,Laurie Figueroa,France,Monitor,962.41,Completed,10/13/2023,10/7/2023
3305,Sandra Henderson,Germany,Keyboard,582.93,Completed,5/28/2023,5/18/2023
3306,Sandra Henderson,France,Speaker,345.48,Completed,6/10/2023,6/4/2023
3307,Jeffery Mills,USA,Laptop,878.14,Active,NULL,3/20/2023
3308,Laurie Figueroa,France,Smartphone,950.22,Completed,11/30/2023,11/24/2023
3309,Brandon Richards,Germany,Monitor,398.52,Completed,7/12/2023,7/2/2023
3310,Laurie Figueroa,Japan,Printer,345.24,Active,NULL,1/17/2023
3311,Jeffrey Sims,India,Mouse,352.7,Completed,4/9/2024,3/28/2024
3312,Erin Arnold,Germany,Printer,113.83,Completed,6/30/2023,6/20/2023
3313,Jessica White,Japan,Keyboard,784.96,Completed,11/29/2022,11/11/2022
3314,Kevin King,Canada,Laptop,166.89,Completed,11/6/2023,11/4/2023
3315,James Moore,China,Mouse,838.84,Completed,12/2/2023,11/17/2023
3316,Sandra Henderson,Germany,Keyboard,444.6,Active,NULL,4/2/2024
3317,Catherine Roberts,Brazil,Headphones,439.44,Completed,4/23/2024,4/19/2024
3318,Jeffrey Sims,India,Monitor,877.51,Completed,8/14/2023,8/2/2023
3319,Kayla Banks,China,Smartphone,939.72,Completed,6/21/2024,6/6/2024
3320,Jeffery Mills,India,Keyboard,442.24,Active,NULL,4/17/2023
3321,Brandon Richards,UK,Printer,552.39,Completed,3/21/2023,3/13/2023
3322,Sandra Henderson,Canada,Headphones,118.11,Completed,2/21/2023,2/19/2023
3323,Jeffrey Rivera,Canada,Speaker,246.39,Completed,6/18/2023,6/16/2023
3324,Sandra Henderson,UK,Tablet,338.77,Completed,4/29/2024,4/21/2024
3325,Gabriel Vasquez,UK,Headphones,877.08,Completed,2/7/2024,1/30/2024
3326,Catherine Roberts,Japan,Keyboard,894.39,Active,NULL,10/9/2023
3327,Kayla Banks,UK,Webcam,675.67,Completed,8/18/2023,8/10/2023
3328,Cynthia Herman,France,Tablet,420.7,Active,NULL,4/30/2024
3329,Jeffery Mills,Australia,Tablet,656.76,Completed,9/24/2023,9/4/2023
3330,Jeffrey Rivera,China,Monitor,383.38,Completed,2/4/2024,1/20/2024
3331,Sandra Henderson,UK,Tablet,863.29,Active,NULL,6/12/2023
3332,Laurie Figueroa,Brazil,Webcam,737.23,Active,NULL,2/10/2023
3333,Debra Hughes,France,Webcam,232.99,Completed,6/17/2024,6/11/2024
3334,Brandon Richards,Germany,Webcam,495.66,Active,NULL,2/1/2024
3335,Jeffrey Sims,Australia,Smartphone,763.12,Active,NULL,9/25/2022
3336,Jeffery Mills,Brazil,Webcam,895.51,Completed,10/18/2022,10/14/2022
3337,James Moore,India,Tablet,885.89,Completed,2/10/2023,1/29/2023
3338,Jeffrey Rivera,Brazil,Monitor,135.05,Completed,11/8/2023,11/4/2023
3339,Michelle Garrett,India,Printer,780.79,Completed,12/8/2023,11/26/2023
3340,Justin Bowman,France,Monitor,716.14,Active,NULL,12/4/2023
3341,Erin Arnold,India,Keyboard,729.41,Completed,4/30/2024,4/18/2024
3342,Catherine Roberts,China,Laptop,205.78,Active,NULL,9/18/2022
3343,Jeffrey Rivera,Japan,Tablet,195.41,Active,NULL,1/24/2024
3344,Michelle Garrett,USA,Webcam,171.74,Completed,9/10/2023,9/9/2023
3345,Michelle Garrett,USA,Speaker,992.55,Completed,12/27/2022,12/26/2022
3346,Catherine Roberts,France,Mouse,982.7,Completed,4/4/2023,3/29/2023
3347,Bonnie Lucero,USA,Tablet,716.28,Active,NULL,2/4/2024
3348,Laurie Figueroa,France,Speaker,574.71,Completed,5/18/2023,5/12/2023
3349,Gabriel Vasquez,China,Tablet,955.36,Completed,5/22/2023,5/7/2023
3350,Jeffery Mills,Australia,Keyboard,954.35,Active,NULL,8/20/2022
3351,Candace Harris,China,Headphones,910.52,Completed,10/27/2023,10/12/2023
3352,Stacey Brown,China,Printer,557.9,Completed,10/13/2023,9/28/2023
3353,James Moore,Australia,Headphones,678.78,Completed,9/23/2022,9/3/2022
3354,Jeffrey Sims,India,Monitor,628.7,Active,NULL,9/24/2022
3355,Catherine Roberts,Australia,Headphones,147.64,Completed,11/2/2023,10/13/2023
3356,Laurie Figueroa,France,Tablet,294.44,Completed,1/27/2023,1/21/2023
3357,Justin Bowman,Brazil,Mouse,782.38,Completed,3/3/2024,2/28/2024
3358,Justin Bowman,Germany,Monitor,445.05,Completed,10/19/2022,10/9/2022
3359,Candace Harris,Japan,Mouse,111.66,Completed,4/20/2024,4/2/2024
3360,Kevin King,China,Monitor,848.41,Completed,6/4/2024,5/20/2024
3361,Gabriel Vasquez,China,Printer,335.32,Completed,4/15/2024,3/31/2024
3362,Catherine Roberts,China,Webcam,936.59,Active,NULL,6/26/2023
3363,Erin Arnold,Germany,Tablet,898.21,Active,NULL,11/6/2023
3364,Jeffery Mills,France,Headphones,785.09,Active,NULL,6/16/2023
3365,Cynthia Herman,China,Speaker,532.61,Active,NULL,1/22/2023
3366,Catherine Roberts,Australia,Laptop,784.47,Active,NULL,2/14/2023
3367,Debra Hughes,Germany,Keyboard,893.71,Completed,11/30/2023,11/20/2023
3368,Kevin King,UK,Printer,833.08,Active,NULL,3/3/2024
3369,Brandon Richards,Brazil,Monitor,888.26,Active,NULL,1/28/2024
3370,Catherine Roberts,Canada,Laptop,649.97,Completed,4/23/2024,4/21/2024
3371,Catherine Roberts,India,Printer,382.54,Completed,8/7/2023,7/26/2023
3372,Sandra Henderson,China,Laptop,361.36,Completed,7/29/2024,7/14/2024
3373,Kevin King,India,Tablet,366.25,Completed,2/5/2023,1/24/2023
3374,Kayla Banks,Germany,Smartphone,343.41,Active,NULL,7/5/2023
3375,Justin Bowman,Brazil,Webcam,856.94,Completed,8/1/2023,7/28/2023
3376,Candace Harris,Australia,Tablet,800.09,Active,NULL,8/18/2022
3377,Jessica White,Canada,Smartphone,886.72,Completed,4/27/2024,4/25/2024
3378,Cynthia Herman,Germany,Keyboard,566.04,Completed,8/28/2023,8/18/2023
3379,Justin Bowman,India,Speaker,784.26,Completed,5/31/2024,5/19/2024
3380,Justin Bowman,China,Tablet,944.34,Completed,9/22/2023,9/7/2023
3381,James Moore,UK,Keyboard,636.59,Completed,1/24/2024,1/16/2024
3382,Jeffery Mills,Brazil,Printer,339.34,Completed,4/29/2023,4/25/2023
3383,Sandra Henderson,Brazil,Speaker,875.58,Active,NULL,11/21/2023
3384,Gabriel Vasquez,India,Smartphone,746.21,Completed,1/29/2024,1/17/2024
3385,Jeffrey Sims,Canada,Mouse,871.78,Completed,3/4/2024,3/2/2024
3386,Stacey Brown,China,Tablet,535.26,Completed,9/4/2023,8/20/2023
3387,Bonnie Lucero,Australia,Headphones,578.25,Active,NULL,7/23/2024
3388,Jeffrey Sims,China,Keyboard,172.36,Completed,12/8/2023,11/23/2023
3389,Erin Arnold,India,Webcam,119.65,Active,NULL,9/23/2022
3390,Kevin King,Japan,Mouse,209.42,Completed,3/10/2023,2/20/2023
3391,Jeffrey Sims,Canada,Tablet,405.47,Completed,8/6/2024,8/4/2024
3392,Brandon Richards,India,Smartphone,749.08,Active,NULL,4/6/2024
3393,Jeffrey Rivera,Australia,Smartphone,253.85,Completed,8/25/2023,8/5/2023
3394,Sandra Henderson,China,Smartphone,987.84,Completed,2/23/2024,2/8/2024
3395,James Moore,Brazil,Tablet,180.83,Completed,5/28/2024,5/24/2024
3396,Cynthia Herman,Germany,Speaker,979.79,Active,NULL,7/12/2023
3397,Justin Bowman,Australia,Tablet,409.28,Completed,7/13/2023,6/23/2023
3398,Jeffrey Sims,Australia,Monitor,362.98,Completed,9/28/2022,9/8/2022
3399,Brandon Richards,Brazil,Headphones,911.85,Active,NULL,8/11/2022
3400,Stacey Brown,UK,Tablet,914.82,Completed,10/4/2022,9/26/2022
3401,Gabriel Vasquez,Japan,Webcam,391.42,Completed,2/12/2023,1/25/2023
3402,Jessica White,India,Webcam,489.95,Active,NULL,1/31/2024
3403,Jeffery Mills,Canada,Mouse,629.76,Completed,4/17/2023,4/15/2023
3404,Cynthia Herman,USA,Smartphone,630.57,Completed,1/7/2023,1/6/2023
3405,Brandon Richards,USA,Laptop,211.17,Completed,4/16/2024,4/15/2024
3406,Jessica White,USA,Speaker,108.28,Completed,4/1/2023,3/31/2023
3407,Jeffery Mills,Brazil,Printer,672.2,Completed,12/27/2022,12/23/2022
3408,Bonnie Lucero,India,Laptop,713.99,Completed,1/12/2024,12/31/2023
3409,Erin Arnold,Japan,Printer,736.09,Completed,6/10/2023,5/23/2023
3410,Justin Bowman,Japan,Smartphone,354.8,Active,NULL,11/17/2022
3411,Catherine Roberts,Canada,Monitor,688.09,Active,NULL,3/18/2024
3412,Kayla Banks,Germany,Keyboard,573.2,Completed,10/28/2023,10/18/2023
3413,Debra Hughes,China,Speaker,186.75,Completed,11/8/2023,10/24/2023
3414,Jeffrey Rivera,India,Mouse,882.14,Completed,9/4/2022,8/23/2022
3415,Brandon Richards,Japan,Smartphone,161.54,Active,NULL,12/17/2022
3416,Michelle Garrett,China,Laptop,569.76,Active,NULL,9/10/2022
3417,Erin Arnold,UK,Printer,203.01,Completed,6/11/2024,6/3/2024
3418,Gabriel Vasquez,USA,Webcam,622.72,Active,NULL,7/5/2023
3419,Sandra Henderson,UK,Monitor,831.39,Completed,1/15/2024,1/7/2024
3420,Brandon Richards,UK,Headphones,591.47,Completed,2/23/2024,2/15/2024
3421,Kevin King,Germany,Laptop,950.58,Completed,3/5/2023,2/23/2023
3422,Stacey Brown,Canada,Keyboard,995.95,Active,NULL,2/6/2023
3423,Gabriel Vasquez,Australia,Printer,991.99,Completed,11/19/2023,10/30/2023
3424,Jeffrey Rivera,UK,Tablet,110.67,Completed,6/30/2023,6/22/2023
3425,Kevin King,Germany,Printer,216.2,Active,NULL,9/14/2023
3426,Jeffery Mills,Canada,Mouse,574.22,Active,NULL,10/1/2023
3427,Laurie Figueroa,Brazil,Monitor,372.56,Completed,4/1/2023,3/28/2023
3428,Laurie Figueroa,Japan,Laptop,944.63,Completed,6/12/2023,5/25/2023
3429,Stacey Brown,China,Mouse,492.99,Completed,11/24/2023,11/9/2023
3430,Catherine Roberts,France,Speaker,268.75,Completed,3/30/2023,3/24/2023
3431,Jeffrey Rivera,Brazil,Smartphone,903.55,Completed,7/8/2023,7/4/2023
3432,Catherine Roberts,Australia,Printer,888.1,Active,NULL,2/1/2023
3433,Cynthia Herman,Japan,Speaker,270.97,Completed,4/21/2024,4/3/2024
3434,Jessica White,Germany,Smartphone,385.18,Completed,7/8/2024,6/28/2024
3435,James Moore,Germany,Printer,274.75,Completed,8/22/2022,8/12/2022
3436,James Moore,Canada,Speaker,792.62,Active,NULL,6/18/2023
3437,Laurie Figueroa,India,Headphones,763.53,Completed,9/6/2023,8/25/2023
3438,Michelle Garrett,Australia,Tablet,426.94,Completed,7/31/2023,7/11/2023
3439,Laurie Figueroa,Japan,Keyboard,497.77,Active,NULL,2/15/2024
3440,Sandra Henderson,Canada,Laptop,940.45,Active,NULL,11/8/2023
3441,Stacey Brown,Germany,Smartphone,770.86,Active,NULL,7/1/2024
3442,Jeffrey Rivera,Germany,Tablet,279.5,Completed,5/5/2023,4/25/2023
3443,Erin Arnold,USA,Laptop,245.58,Completed,11/21/2023,11/20/2023
3444,Gabriel Vasquez,UK,Smartphone,879.61,Completed,9/2/2023,8/25/2023
3445,Jeffrey Rivera,USA,Webcam,976.2,Completed,6/17/2024,6/16/2024
3446,Stacey Brown,Japan,Printer,653.92,Completed,8/25/2022,8/7/2022
3447,Gabriel Vasquez,Germany,Keyboard,923.15,Completed,5/14/2024,5/4/2024
3448,Michelle Garrett,China,Keyboard,273.34,Completed,12/1/2023,11/16/2023
3449,Erin Arnold,Australia,Webcam,369.67,Active,NULL,11/9/2023
3450,Brandon Richards,India,Laptop,971.22,Completed,4/6/2023,3/25/2023
3451,Gabriel Vasquez,UK,Monitor,601.9,Completed,5/20/2023,5/12/2023
3452,Kayla Banks,India,Speaker,680.23,Completed,11/17/2022,11/5/2022
3453,Erin Arnold,Germany,Headphones,722.79,Completed,11/6/2022,10/27/2022
3454,Bonnie Lucero,UK,Mouse,986.14,Completed,8/25/2022,8/17/2022
3455,Bonnie Lucero,India,Speaker,692.24,Active,NULL,8/29/2023
3456,Brandon Richards,Germany,Printer,748.36,Completed,5/23/2024,5/13/2024
3457,Kevin King,Canada,Speaker,630.08,Completed,2/29/2024,2/27/2024
3458,Gabriel Vasquez,Australia,Speaker,367.94,Active,NULL,10/19/2023
3459,Jessica White,Germany,Speaker,650.06,Completed,8/19/2022,8/9/2022
3460,Cynthia Herman,Canada,Laptop,295.57,Active,NULL,9/28/2023
3461,Brandon Richards,Brazil,Smartphone,424.11,Completed,2/25/2024,2/21/2024
3462,Erin Arnold,Brazil,Printer,339.53,Completed,11/28/2022,11/24/2022
3463,Jeffrey Sims,France,Headphones,499.76,Completed,1/27/2024,1/21/2024
3464,Jeffrey Sims,India,Laptop,512.98,Active,NULL,7/16/2023
3465,Laurie Figueroa,Japan,Laptop,745.68,Completed,11/7/2022,10/20/2022
3466,Bonnie Lucero,USA,Laptop,211.09,Active,NULL,7/22/2024
3467,Gabriel Vasquez,China,Mouse,100.5,Completed,1/17/2024,1/2/2024
3468,Gabriel Vasquez,Germany,Tablet,478.82,Completed,4/30/2023,4/20/2023
3469,Sandra Henderson,Germany,Smartphone,346.03,Completed,12/15/2023,12/5/2023
3470,Debra Hughes,France,Headphones,378.68,Active,NULL,11/10/2022
3471,Laurie Figueroa,China,Speaker,667.85,Completed,2/27/2023,2/12/2023
3472,Bonnie Lucero,Brazil,Printer,522.32,Completed,5/31/2023,5/27/2023
3473,Laurie Figueroa,Germany,Mouse,814.9,Completed,5/14/2024,5/4/2024
3474,Erin Arnold,USA,Keyboard,454.92,Active,NULL,7/18/2023
3475,Jessica White,Canada,Mouse,592.85,Completed,1/4/2023,1/2/2023
3476,Gabriel Vasquez,Canada,Printer,973.32,Completed,7/26/2024,7/24/2024
3477,Sandra Henderson,Germany,Smartphone,363.91,Completed,2/7/2024,1/28/2024
3478,Gabriel Vasquez,Japan,Keyboard,167.46,Active,NULL,7/27/2024
3479,Jeffery Mills,Australia,Laptop,614.16,Active,NULL,5/15/2023
3480,Catherine Roberts,Australia,Keyboard,541.78,Active,NULL,12/23/2022
3481,Kayla Banks,Germany,Monitor,361.29,Completed,3/19/2023,3/9/2023
3482,Jessica White,France,Laptop,188.36,Completed,8/3/2024,7/28/2024
3483,Bonnie Lucero,France,Keyboard,874.89,Completed,5/29/2023,5/23/2023
3484,Debra Hughes,France,Tablet,429.54,Completed,1/12/2024,1/6/2024
3485,Justin Bowman,USA,Headphones,464.01,Active,NULL,10/8/2022
3486,Candace Harris,India,Webcam,601.85,Completed,5/30/2023,5/18/2023
3487,Kevin King,China,Keyboard,342.77,Active,NULL,3/18/2024
3488,Michelle Garrett,India,Keyboard,575.93,Completed,3/1/2023,2/17/2023
3489,Candace Harris,France,Webcam,796.03,Active,NULL,6/24/2023
3490,Laurie Figueroa,UK,Laptop,603.9,Completed,6/10/2023,6/2/2023
3491,Jessica White,China,Mouse,434.96,Completed,1/25/2023,1/10/2023
3492,Cynthia Herman,Japan,Monitor,374.89,Completed,10/7/2022,9/19/2022
3493,Stacey Brown,France,Mouse,322.96,Completed,2/3/2023,1/28/2023
3494,Jessica White,Brazil,Webcam,846.36,Active,NULL,4/14/2024
3495,Jeffrey Sims,USA,Printer,902.27,Active,NULL,10/7/2023
3496,Jessica White,Brazil,Tablet,897.2,Completed,5/7/2023,5/3/2023
3497,Jessica White,Japan,Laptop,645.33,Completed,10/26/2022,10/8/2022
3498,Erin Arnold,USA,Tablet,540.91,Completed,4/28/2024,4/27/2024
3499,Jeffery Mills,France,Webcam,260.06,Completed,3/11/2023,3/5/2023
3500,Erin Arnold,Japan,Webcam,393.83,Active,NULL,5/6/2023
3501,Bonnie Lucero,Brazil,Speaker,954.76,Completed,7/13/2023,7/9/2023
3502,Justin Bowman,Australia,Smartphone,921.16,Completed,11/18/2023,10/29/2023
3503,Jeffrey Sims,Japan,Headphones,135.69,Completed,9/7/2022,8/20/2022
3504,Debra Hughes,Japan,Laptop,648.65,Active,NULL,8/30/2023
3505,James Moore,Germany,Headphones,579.71,Completed,9/2/2022,8/23/2022
3506,Michelle Garrett,USA,Speaker,752.17,Completed,12/9/2022,12/8/2022
3507,Debra Hughes,UK,Laptop,941.16,Active,NULL,8/27/2023
3508,James Moore,China,Printer,260.15,Completed,10/27/2023,10/12/2023
3509,Jessica White,China,Keyboard,574.24,Active,NULL,9/6/2023
3510,Gabriel Vasquez,Japan,Webcam,132.49,Completed,12/3/2023,11/15/2023
3511,Jessica White,Brazil,Mouse,130.7,Completed,7/25/2023,7/21/2023
3512,Catherine Roberts,Australia,Headphones,786,Completed,2/8/2023,1/19/2023
3513,Kevin King,China,Mouse,448.68,Active,NULL,2/6/2024
3514,Jeffrey Rivera,UK,Monitor,561.52,Completed,10/24/2023,10/16/2023
3515,James Moore,France,Keyboard,493.06,Active,NULL,12/13/2022
3516,Erin Arnold,Germany,Headphones,794.52,Completed,12/5/2023,11/25/2023
3517,Justin Bowman,China,Smartphone,939.8,Active,NULL,11/4/2022
3518,Gabriel Vasquez,Germany,Tablet,200.68,Completed,10/28/2023,10/18/2023
3519,Jeffrey Rivera,India,Printer,888.87,Active,NULL,10/12/2022
3520,Brandon Richards,China,Webcam,463.32,Completed,11/14/2023,10/30/2023
3521,Jeffrey Rivera,Germany,Tablet,483.19,Completed,1/2/2024,12/23/2023
3522,Jessica White,Brazil,Keyboard,812.88,Completed,8/22/2023,8/18/2023
3523,James Moore,India,Mouse,593.63,Completed,9/19/2022,9/7/2022
3524,Michelle Garrett,China,Headphones,791.42,Completed,5/28/2024,5/13/2024
3525,Gabriel Vasquez,Japan,Webcam,995.54,Completed,3/8/2024,2/19/2024
3526,Stacey Brown,China,Mouse,688.73,Completed,10/26/2022,10/11/2022
3527,Bonnie Lucero,India,Mouse,397.18,Completed,12/23/2023,12/11/2023
3528,Stacey Brown,Germany,Headphones,784.39,Active,NULL,3/13/2024
3529,Jeffrey Sims,France,Tablet,790.87,Completed,3/23/2023,3/17/2023
3530,Debra Hughes,Germany,Speaker,576.18,Completed,3/10/2023,2/28/2023
3531,Justin Bowman,Australia,Headphones,100.52,Active,NULL,3/27/2023
3532,Cynthia Herman,Brazil,Tablet,790.87,Active,NULL,5/8/2024
3533,Stacey Brown,Australia,Tablet,466.01,Completed,12/25/2022,12/5/2022
3534,Jeffrey Sims,France,Tablet,928.31,Completed,8/11/2023,8/5/2023
3535,Debra Hughes,Germany,Keyboard,410.35,Active,NULL,5/21/2023
3536,Kayla Banks,Brazil,Keyboard,123.2,Active,NULL,9/18/2022
3537,Jessica White,USA,Monitor,517.62,Completed,1/27/2024,1/26/2024
3538,Jeffrey Rivera,USA,Smartphone,638.18,Completed,2/20/2024,2/19/2024
3539,Candace Harris,UK,Monitor,331.42,Completed,11/19/2023,11/11/2023
3540,Brandon Richards,Australia,Laptop,125,Completed,1/19/2024,12/30/2023
3541,Jeffery Mills,Australia,Mouse,192.77,Completed,3/6/2023,2/14/2023
3542,Erin Arnold,China,Smartphone,465.98,Completed,12/2/2023,11/17/2023
3543,Laurie Figueroa,China,Keyboard,881.96,Completed,8/6/2023,7/22/2023
3544,Jeffery Mills,Japan,Tablet,867.83,Completed,6/17/2023,5/30/2023
3545,Sandra Henderson,UK,Smartphone,495.19,Completed,1/21/2024,1/13/2024
3546,Stacey Brown,China,Monitor,398.89,Completed,6/11/2023,5/27/2023
3547,Gabriel Vasquez,Canada,Headphones,848.9,Active,NULL,2/29/2024
3548,Laurie Figueroa,India,Monitor,253.62,Completed,11/17/2023,11/5/2023
3549,Bonnie Lucero,France,Smartphone,967.47,Completed,11/8/2023,11/2/2023
3550,Debra Hughes,UK,Mouse,303.37,Completed,10/23/2023,10/15/2023
3551,Catherine Roberts,Japan,Laptop,260.03,Active,NULL,5/21/2023
3552,Stacey Brown,Brazil,Printer,247.5,Completed,11/4/2023,10/31/2023
3553,Jeffrey Rivera,USA,Headphones,350.31,Active,NULL,9/23/2023
3554,Brandon Richards,Japan,Laptop,352.8,Active,NULL,10/23/2022
3555,Justin Bowman,UK,Tablet,228.9,Active,NULL,6/5/2023
3556,Bonnie Lucero,Brazil,Smartphone,977.26,Active,NULL,5/6/2024
3557,Candace Harris,Germany,Keyboard,812.9,Completed,5/1/2023,4/21/2023
3558,Bonnie Lucero,Australia,Mouse,498,Completed,7/7/2023,6/17/2023
3559,Stacey Brown,China,Webcam,667.38,Completed,6/6/2023,5/22/2023
3560,Catherine Roberts,USA,Laptop,925.64,Active,NULL,7/31/2023
3561,Jeffrey Rivera,China,Laptop,421.6,Completed,12/14/2023,11/29/2023
3562,Jeffery Mills,Japan,Smartphone,143.91,Completed,6/11/2023,5/24/2023
3563,Brandon Richards,Germany,Mouse,617.96,Active,NULL,8/16/2022
3564,Michelle Garrett,Japan,Webcam,342.94,Completed,2/2/2023,1/15/2023
3565,Michelle Garrett,UK,Speaker,967.46,Completed,5/30/2023,5/22/2023
3566,Catherine Roberts,Australia,Webcam,884.52,Completed,3/2/2023,2/10/2023
3567,Jessica White,India,Keyboard,961.2,Completed,3/25/2023,3/13/2023
3568,Jeffrey Rivera,Canada,Keyboard,804.83,Completed,4/2/2024,3/31/2024
3569,Jessica White,Japan,Laptop,948.54,Active,NULL,11/14/2022
3570,Brandon Richards,China,Tablet,341.27,Active,NULL,1/20/2024
3571,Cynthia Herman,Brazil,Mouse,800.25,Active,NULL,4/25/2023
3572,Candace Harris,USA,Headphones,194.78,Completed,3/19/2023,3/18/2023
3573,Jeffrey Sims,Brazil,Speaker,974.34,Active,NULL,11/22/2022
3574,Brandon Richards,USA,Keyboard,176.53,Completed,9/4/2022,9/3/2022
3575,Gabriel Vasquez,UK,Headphones,328.3,Completed,12/31/2023,12/23/2023
3576,Debra Hughes,Canada,Mouse,347.84,Active,NULL,6/16/2024
3577,Cynthia Herman,France,Keyboard,769,Active,NULL,9/26/2022
3578,Candace Harris,UK,Tablet,746.37,Active,NULL,3/19/2023
3579,Brandon Richards,Canada,Speaker,192.89,Completed,10/10/2023,10/8/2023
3580,Kevin King,Japan,Speaker,554.5,Active,NULL,6/26/2024
3581,Kevin King,China,Laptop,851.81,Completed,12/5/2023,11/20/2023
3582,Stacey Brown,UK,Monitor,844.89,Completed,9/28/2022,9/20/2022
3583,Jeffrey Rivera,USA,Smartphone,335.78,Completed,10/19/2022,10/18/2022
3584,Michelle Garrett,Brazil,Headphones,756.45,Completed,9/30/2023,9/26/2023
3585,Kevin King,Australia,Tablet,967.68,Completed,8/3/2024,7/14/2024
3586,Erin Arnold,Japan,Mouse,103.64,Completed,9/15/2022,8/28/2022
3587,Debra Hughes,Germany,Laptop,873.44,Active,NULL,5/24/2024
3588,Cynthia Herman,China,Monitor,274.2,Completed,1/27/2024,1/12/2024
3589,Jessica White,Australia,Mouse,949.87,Active,NULL,6/4/2024
3590,Jeffrey Rivera,Japan,Keyboard,504.51,Active,NULL,4/16/2024
3591,Jeffrey Rivera,Canada,Webcam,188.6,Completed,3/16/2024,3/14/2024
3592,Catherine Roberts,Germany,Smartphone,616.8,Completed,5/27/2023,5/17/2023
3593,Jessica White,Canada,Tablet,986.23,Completed,11/30/2022,11/28/2022
3594,Debra Hughes,India,Monitor,696.08,Completed,9/20/2023,9/8/2023
3595,Kevin King,Australia,Monitor,346.51,Active,NULL,9/30/2022
3596,James Moore,UK,Printer,431.29,Active,NULL,5/19/2024
3597,Jeffery Mills,Australia,Keyboard,637.18,Active,NULL,6/21/2024
3598,Cynthia Herman,Germany,Smartphone,458.61,Completed,5/4/2024,4/24/2024
3599,Stacey Brown,Brazil,Monitor,543.88,Completed,5/14/2023,5/10/2023
3600,Jessica White,France,Laptop,529.7,Completed,6/28/2024,6/22/2024
3601,Jeffery Mills,Brazil,Monitor,307.84,Active,NULL,7/23/2024
3602,Jeffrey Rivera,UK,Headphones,628.1,Completed,11/16/2023,11/8/2023
3603,Kayla Banks,India,Headphones,656.75,Completed,3/4/2023,2/20/2023
3604,Gabriel Vasquez,USA,Laptop,504.15,Active,NULL,2/19/2024
3605,Laurie Figueroa,USA,Smartphone,410.65,Completed,3/9/2023,3/8/2023
3606,Kayla Banks,China,Printer,591.42,Active,NULL,10/3/2022
3607,Michelle Garrett,China,Speaker,582.84,Completed,1/30/2023,1/15/2023
3608,Catherine Roberts,India,Mouse,650.4,Active,NULL,5/22/2024
3609,Bonnie Lucero,India,Headphones,982.25,Completed,5/14/2024,5/2/2024
3610,Cynthia Herman,China,Laptop,801.83,Completed,7/19/2024,7/4/2024
3611,Jeffrey Sims,Canada,Speaker,161.37,Active,NULL,5/28/2023
3612,Michelle Garrett,Australia,Keyboard,101.94,Completed,4/20/2024,3/31/2024
3613,Catherine Roberts,Canada,Headphones,415.52,Active,NULL,3/3/2023
3614,Sandra Henderson,France,Smartphone,774.59,Completed,4/12/2024,4/6/2024
3615,Gabriel Vasquez,India,Printer,882.86,Active,NULL,3/30/2023
3616,Sandra Henderson,Germany,Mouse,479.39,Active,NULL,9/11/2023
3617,Erin Arnold,Australia,Webcam,989.91,Active,NULL,10/12/2022
3618,Brandon Richards,France,Mouse,505.66,Completed,11/26/2022,11/20/2022
3619,Stacey Brown,Canada,Smartphone,346.93,Active,NULL,5/12/2023
3620,Brandon Richards,Japan,Tablet,402.55,Completed,7/12/2024,6/24/2024
3621,Kayla Banks,France,Printer,314.22,Active,NULL,6/2/2023
3622,Erin Arnold,France,Monitor,993.57,Completed,2/26/2023,2/20/2023
3623,Kevin King,Germany,Laptop,748.75,Completed,11/18/2023,11/8/2023
3624,Laurie Figueroa,Japan,Laptop,940.02,Active,NULL,4/28/2023
3625,Brandon Richards,UK,Laptop,979.3,Completed,6/5/2023,5/28/2023
3626,Kevin King,Japan,Mouse,857.85,Completed,4/13/2023,3/26/2023
3627,Cynthia Herman,Japan,Keyboard,478.67,Active,NULL,1/13/2023
3628,Jeffrey Sims,Brazil,Monitor,490.92,Active,NULL,5/6/2024
3629,Michelle Garrett,India,Keyboard,356.26,Active,NULL,11/14/2022
3630,Jeffrey Rivera,Japan,Laptop,228.98,Completed,5/14/2024,4/26/2024
3631,Stacey Brown,Canada,Smartphone,366.15,Completed,9/15/2023,9/13/2023
3632,Jeffrey Rivera,India,Laptop,499.48,Completed,8/10/2023,7/29/2023
3633,Michelle Garrett,Germany,Keyboard,173.77,Completed,5/8/2024,4/28/2024
3634,Kevin King,USA,Monitor,169.37,Completed,12/10/2022,12/9/2022
3635,Jeffrey Rivera,China,Printer,147.72,Completed,11/11/2022,10/27/2022
3636,Erin Arnold,UK,Smartphone,136.37,Completed,2/12/2024,2/4/2024
3637,Jessica White,Brazil,Speaker,119.71,Completed,11/10/2023,11/6/2023
3638,Debra Hughes,USA,Webcam,994.35,Completed,5/7/2023,5/6/2023
3639,Laurie Figueroa,USA,Keyboard,867.69,Completed,10/29/2022,10/28/2022
3640,Debra Hughes,Australia,Printer,528.1,Completed,5/29/2023,5/9/2023
3641,James Moore,Australia,Mouse,276.11,Active,NULL,5/12/2023
3642,Jeffrey Sims,France,Headphones,829.13,Completed,1/17/2024,1/11/2024
3643,Debra Hughes,India,Laptop,956.94,Completed,4/29/2024,4/17/2024
3644,Bonnie Lucero,UK,Mouse,193.2,Completed,11/15/2022,11/7/2022
3645,Candace Harris,Germany,Speaker,977.99,Completed,10/4/2022,9/24/2022
3646,Candace Harris,India,Laptop,452.97,Completed,7/5/2023,6/23/2023
3647,Jessica White,Australia,Laptop,478.3,Completed,1/12/2023,12/23/2022
3648,Candace Harris,Japan,Tablet,979.68,Completed,6/4/2024,5/17/2024
3649,Debra Hughes,India,Speaker,423.1,Completed,4/22/2024,4/10/2024
3650,Candace Harris,France,Webcam,224.74,Active,NULL,12/11/2023
3651,Brandon Richards,China,Webcam,780.38,Completed,2/6/2024,1/22/2024
3652,Stacey Brown,Australia,Smartphone,242.65,Active,NULL,2/27/2023
3653,Gabriel Vasquez,Australia,Laptop,199.96,Completed,9/24/2023,9/4/2023
3654,Bonnie Lucero,Brazil,Webcam,910.2,Completed,2/7/2023,2/3/2023
3655,Bonnie Lucero,Japan,Smartphone,400.26,Completed,4/18/2023,3/31/2023
3656,Erin Arnold,Germany,Headphones,936.92,Active,NULL,3/13/2023
3657,Kevin King,Canada,Smartphone,378.97,Completed,2/23/2023,2/21/2023
3658,Jessica White,USA,Speaker,467.87,Completed,9/12/2022,9/11/2022
3659,Sandra Henderson,Brazil,Monitor,805.66,Active,NULL,10/13/2023
3660,Jessica White,Germany,Keyboard,233.44,Active,NULL,6/23/2023
3661,Stacey Brown,USA,Webcam,397.48,Completed,7/23/2024,7/22/2024
3662,Debra Hughes,Japan,Smartphone,532.84,Active,NULL,4/30/2024
3663,Sandra Henderson,China,Printer,217.84,Completed,4/3/2024,3/19/2024
3664,Kevin King,Canada,Smartphone,277.9,Active,NULL,7/5/2023
3665,Catherine Roberts,USA,Mouse,333.31,Active,NULL,1/8/2023
3666,Bonnie Lucero,France,Printer,935.65,Active,NULL,9/19/2022
3667,Justin Bowman,Canada,Headphones,275.83,Completed,6/25/2023,6/23/2023
3668,Gabriel Vasquez,France,Tablet,112.12,Active,NULL,4/13/2024
3669,Debra Hughes,India,Speaker,674.52,Completed,12/16/2023,12/4/2023
3670,Jeffery Mills,Japan,Keyboard,589.75,Active,NULL,2/2/2023
3671,Jessica White,Australia,Smartphone,208.66,Completed,3/20/2023,2/28/2023
3672,Jessica White,Australia,Tablet,129.18,Completed,11/6/2022,10/17/2022
3673,Stacey Brown,Canada,Monitor,110.41,Active,NULL,6/11/2024
3674,Bonnie Lucero,Japan,Mouse,853.65,Completed,2/4/2023,1/17/2023
3675,Debra Hughes,India,Speaker,402.03,Completed,8/5/2023,7/24/2023
3676,Erin Arnold,Japan,Keyboard,787.37,Active,NULL,12/5/2023
3677,Debra Hughes,USA,Tablet,253.29,Completed,11/24/2023,11/23/2023
3678,Jeffrey Sims,USA,Tablet,865.46,Active,NULL,6/7/2024
3679,Candace Harris,UK,Laptop,211.77,Completed,7/30/2024,7/22/2024
3680,Laurie Figueroa,China,Tablet,752.38,Completed,3/4/2024,2/18/2024
3681,Brandon Richards,India,Tablet,174.91,Completed,5/29/2024,5/17/2024
3682,Cynthia Herman,Canada,Printer,437.51,Active,NULL,5/25/2023
3683,Justin Bowman,UK,Speaker,569.4,Active,NULL,12/22/2023
3684,Brandon Richards,Japan,Laptop,429.85,Active,NULL,5/8/2023
3685,Kayla Banks,UK,Webcam,943.03,Active,NULL,9/28/2023
3686,Jeffrey Sims,China,Mouse,593.71,Active,NULL,12/1/2023
3687,Jessica White,UK,Webcam,707.22,Completed,12/4/2023,11/26/2023
3688,Cynthia Herman,Brazil,Tablet,225.55,Active,NULL,11/2/2023
3689,Jeffrey Rivera,China,Webcam,406.02,Completed,5/31/2024,5/16/2024
3690,James Moore,China,Printer,422.3,Completed,3/23/2023,3/8/2023
3691,Bonnie Lucero,India,Webcam,890.77,Completed,7/21/2024,7/9/2024
3692,Gabriel Vasquez,Japan,Speaker,334.97,Completed,10/9/2023,9/21/2023
3693,Cynthia Herman,China,Speaker,735.27,Completed,12/21/2023,12/6/2023
3694,Jeffrey Sims,Australia,Printer,277.97,Active,NULL,1/26/2024
3695,Sandra Henderson,Canada,Smartphone,416.66,Completed,3/16/2023,3/14/2023
3696,Bonnie Lucero,USA,Webcam,398.25,Completed,11/20/2022,11/19/2022
3697,Laurie Figueroa,India,Tablet,815.98,Completed,4/25/2023,4/13/2023
3698,Kayla Banks,Japan,Headphones,759.4,Completed,2/27/2023,2/9/2023
3699,Jessica White,Australia,Keyboard,871.06,Completed,9/11/2023,8/22/2023
3700,Jeffery Mills,USA,Laptop,518.43,Completed,12/3/2023,12/2/2023
3701,Laurie Figueroa,UK,Tablet,677.09,Completed,10/2/2023,9/24/2023
3702,Catherine Roberts,China,Printer,509.92,Active,NULL,6/9/2024
3703,Bonnie Lucero,Australia,Smartphone,613.15,Completed,7/5/2023,6/15/2023
3704,Michelle Garrett,UK,Laptop,793.22,Completed,10/31/2022,10/23/2022
3705,Kevin King,Australia,Keyboard,477.05,Completed,9/29/2023,9/9/2023
3706,Catherine Roberts,USA,Mouse,388.55,Active,NULL,6/24/2024
3707,James Moore,Brazil,Smartphone,136.31,Completed,1/10/2023,1/6/2023
3708,Bonnie Lucero,Brazil,Monitor,930.63,Completed,7/26/2023,7/22/2023
3709,Jeffery Mills,Germany,Tablet,367.62,Completed,2/11/2024,2/1/2024
3710,James Moore,France,Smartphone,298,Completed,6/29/2023,6/23/2023
3711,Justin Bowman,India,Laptop,619.94,Completed,8/12/2023,7/31/2023
3712,Stacey Brown,UK,Webcam,742.1,Active,NULL,8/9/2022
3713,Kevin King,Germany,Speaker,234.03,Completed,6/30/2023,6/20/2023
3714,Stacey Brown,Japan,Keyboard,508.41,Completed,10/1/2023,9/13/2023
3715,Jeffrey Sims,USA,Speaker,231.58,Active,NULL,3/10/2024
3716,Jessica White,USA,Monitor,525.48,Completed,4/19/2024,4/18/2024
3717,Brandon Richards,Japan,Printer,492.71,Active,NULL,6/23/2024
3718,Catherine Roberts,Canada,Printer,554.4,Completed,1/22/2024,1/20/2024
3719,Sandra Henderson,Canada,Speaker,161.57,Completed,1/30/2023,1/28/2023
3720,Gabriel Vasquez,Brazil,Webcam,128.03,Completed,10/11/2022,10/7/2022
3721,Jessica White,China,Keyboard,201.73,Active,NULL,10/19/2023
3722,Kayla Banks,Canada,Smartphone,372.56,Active,NULL,9/17/2022
3723,Bonnie Lucero,Canada,Laptop,558.62,Completed,5/16/2023,5/14/2023
3724,Erin Arnold,India,Printer,573.67,Completed,3/28/2023,3/16/2023
3725,Stacey Brown,India,Monitor,721.55,Active,NULL,8/20/2022
3726,Justin Bowman,China,Mouse,956.81,Active,NULL,11/12/2022
3727,Bonnie Lucero,Australia,Laptop,827.46,Active,NULL,7/26/2024
3728,Jeffrey Rivera,France,Monitor,600.74,Completed,10/22/2023,10/16/2023
3729,Stacey Brown,USA,Tablet,908.87,Active,NULL,8/29/2023
3730,Cynthia Herman,India,Printer,750.15,Completed,3/2/2023,2/18/2023
3731,Sandra Henderson,China,Smartphone,443.74,Completed,10/7/2022,9/22/2022
3732,Stacey Brown,Germany,Webcam,103.32,Completed,8/15/2023,8/5/2023
3733,Kayla Banks,Canada,Speaker,114.82,Completed,6/25/2023,6/23/2023
3734,Michelle Garrett,France,Mouse,890.88,Completed,7/23/2024,7/17/2024
3735,Kayla Banks,UK,Webcam,365.59,Completed,5/12/2024,5/4/2024
3736,Kayla Banks,Japan,Mouse,710.47,Completed,9/22/2022,9/4/2022
3737,Jeffrey Sims,Germany,Monitor,535.19,Completed,8/3/2023,7/24/2023
3738,Jeffrey Rivera,China,Laptop,275.85,Completed,8/17/2024,8/2/2024
3739,Jeffrey Sims,Brazil,Smartphone,929.16,Completed,6/10/2023,6/6/2023
3740,Jeffrey Sims,Australia,Tablet,240.47,Completed,2/29/2024,2/9/2024
3741,Jeffrey Sims,Japan,Printer,205.76,Completed,8/26/2022,8/8/2022
3742,Erin Arnold,USA,Printer,548.25,Active,NULL,12/29/2023
3743,Michelle Garrett,UK,Monitor,107.75,Active,NULL,6/25/2023
3744,Candace Harris,Japan,Printer,523.69,Completed,1/22/2024,1/4/2024
3745,Jeffrey Rivera,Germany,Headphones,215.18,Completed,7/20/2023,7/10/2023
3746,Erin Arnold,Australia,Keyboard,607.93,Active,NULL,6/11/2023
3747,Erin Arnold,India,Headphones,768.85,Active,NULL,11/16/2022
3748,Erin Arnold,Brazil,Laptop,985.77,Active,NULL,12/15/2022
3749,Debra Hughes,France,Keyboard,947.43,Active,NULL,11/16/2023
3750,James Moore,France,Speaker,791.37,Active,NULL,7/27/2023
3751,Erin Arnold,India,Laptop,943.37,Active,NULL,10/5/2022
3752,Cynthia Herman,Australia,Laptop,589.94,Active,NULL,3/12/2023
3753,Kevin King,France,Webcam,344.8,Active,NULL,10/6/2023
3754,Jeffrey Rivera,Germany,Smartphone,822.92,Active,NULL,3/12/2023
3755,Kayla Banks,Canada,Mouse,251.93,Active,NULL,3/19/2023
3756,Jeffery Mills,Germany,Monitor,193.15,Active,NULL,12/6/2023
3757,Kevin King,Australia,Printer,418.99,Completed,1/30/2024,1/10/2024
3758,Catherine Roberts,Australia,Headphones,437.58,Completed,8/26/2022,8/6/2022
3759,Bonnie Lucero,China,Mouse,565.6,Completed,7/24/2024,7/9/2024
3760,Bonnie Lucero,Japan,Mouse,651.21,Completed,4/28/2023,4/10/2023
3761,Sandra Henderson,Australia,Keyboard,591.49,Completed,4/16/2023,3/27/2023
3762,Kevin King,USA,Laptop,244.39,Completed,5/28/2023,5/27/2023
3763,Stacey Brown,India,Mouse,453.54,Completed,10/10/2022,9/28/2022
3764,Erin Arnold,Canada,Laptop,877.81,Completed,9/2/2023,8/31/2023
3765,Sandra Henderson,USA,Webcam,885.91,Completed,6/6/2024,6/5/2024
3766,Candace Harris,Canada,Printer,591.58,Active,NULL,4/4/2024
3767,Jessica White,UK,Speaker,174.1,Completed,5/20/2023,5/12/2023
3768,Erin Arnold,Australia,Smartphone,537.04,Completed,7/4/2024,6/14/2024
3769,Michelle Garrett,Germany,Monitor,459.94,Active,NULL,10/3/2022
3770,Brandon Richards,Brazil,Monitor,618.64,Completed,8/1/2023,7/28/2023
3771,Kayla Banks,USA,Tablet,151.59,Completed,3/22/2023,3/21/2023
3772,Jeffrey Rivera,France,Tablet,192.25,Completed,10/26/2023,10/20/2023
3773,Jeffrey Rivera,Germany,Monitor,922.03,Active,NULL,10/29/2022
3774,Gabriel Vasquez,Germany,Keyboard,860.03,Active,NULL,1/25/2023
3775,Jeffrey Rivera,UK,Printer,917.27,Completed,3/26/2024,3/18/2024
3776,Michelle Garrett,France,Smartphone,181.11,Completed,1/10/2023,1/4/2023
3777,Justin Bowman,Japan,Printer,201.28,Active,NULL,2/27/2024
3778,Candace Harris,Germany,Keyboard,639.59,Active,NULL,2/21/2024
3779,Sandra Henderson,Brazil,Laptop,516.71,Completed,10/27/2022,10/23/2022
3780,Jeffrey Sims,India,Monitor,416.22,Completed,1/10/2024,12/29/2023
3781,Sandra Henderson,Australia,Tablet,959.99,Completed,2/4/2023,1/15/2023
3782,Justin Bowman,China,Laptop,797.55,Active,NULL,1/19/2023
3783,Sandra Henderson,Australia,Tablet,227.28,Completed,8/23/2023,8/3/2023
3784,Kayla Banks,Australia,Monitor,675.12,Completed,4/9/2023,3/20/2023
3785,Michelle Garrett,Canada,Keyboard,396.95,Completed,4/7/2024,4/5/2024
3786,Justin Bowman,Japan,Printer,439.61,Completed,3/3/2023,2/13/2023
3787,Brandon Richards,Brazil,Mouse,214.34,Completed,1/5/2024,1/1/2024
3788,Jeffrey Rivera,UK,Webcam,303.07,Completed,2/6/2023,1/29/2023
3789,Jeffrey Rivera,France,Keyboard,618.85,Active,NULL,4/6/2024
3790,Gabriel Vasquez,Australia,Smartphone,867.05,Completed,4/15/2023,3/26/2023
3791,Cynthia Herman,Japan,Smartphone,237.89,Active,NULL,9/4/2022
3792,Jeffery Mills,China,Mouse,309.78,Active,NULL,12/29/2022
3793,Kevin King,Australia,Laptop,774.04,Completed,8/28/2023,8/8/2023
3794,Michelle Garrett,India,Keyboard,980.89,Completed,7/10/2024,6/28/2024
3795,Brandon Richards,USA,Smartphone,313.78,Completed,5/2/2024,5/1/2024
3796,Laurie Figueroa,India,Smartphone,942.83,Completed,6/25/2024,6/13/2024
3797,Michelle Garrett,Germany,Monitor,543.56,Completed,4/16/2023,4/6/2023
3798,Jessica White,India,Speaker,215.9,Completed,1/2/2024,12/21/2023
3799,Laurie Figueroa,Canada,Tablet,719.73,Active,NULL,1/5/2023
3800,James Moore,Canada,Mouse,832.64,Completed,1/20/2024,1/18/2024
3801,James Moore,UK,Keyboard,115.45,Active,NULL,2/18/2024
3802,Michelle Garrett,France,Printer,746.53,Completed,6/16/2024,6/10/2024
3803,Sandra Henderson,Germany,Smartphone,383.12,Active,NULL,2/21/2023
3804,Jeffrey Sims,India,Webcam,296.29,Completed,1/3/2024,12/22/2023
3805,Sandra Henderson,Germany,Laptop,814.76,Completed,7/19/2024,7/9/2024
3806,Erin Arnold,Germany,Laptop,404.78,Completed,3/16/2023,3/6/2023
3807,Erin Arnold,Australia,Monitor,935.23,Completed,4/25/2024,4/5/2024
3808,Jeffrey Rivera,Canada,Mouse,735.76,Active,NULL,10/23/2022
3809,Brandon Richards,Japan,Smartphone,450.8,Active,NULL,3/23/2024
3810,Candace Harris,Brazil,Mouse,456.56,Completed,4/10/2023,4/6/2023
3811,Kevin King,UK,Headphones,124.88,Completed,10/29/2022,10/21/2022
3812,Laurie Figueroa,Canada,Keyboard,915.94,Completed,5/4/2024,5/2/2024
3813,Gabriel Vasquez,USA,Speaker,438.33,Completed,12/23/2022,12/22/2022
3814,Stacey Brown,China,Smartphone,894.16,Active,NULL,9/18/2022
3815,Erin Arnold,Japan,Monitor,766.02,Completed,5/10/2023,4/22/2023
3816,James Moore,Canada,Webcam,584.87,Completed,1/29/2023,1/27/2023
3817,Justin Bowman,China,Laptop,752.47,Completed,8/29/2023,8/14/2023
3818,Candace Harris,USA,Tablet,661.63,Active,NULL,4/10/2024
3819,Kayla Banks,France,Mouse,321.51,Completed,10/10/2022,10/4/2022
3820,Catherine Roberts,Germany,Laptop,940.69,Completed,10/2/2022,9/22/2022
3821,Cynthia Herman,Canada,Printer,687.22,Completed,12/21/2022,12/19/2022
3822,Kayla Banks,India,Mouse,360.68,Active,NULL,9/27/2022
3823,Sandra Henderson,Germany,Smartphone,756.9,Completed,3/18/2023,3/8/2023
3824,Stacey Brown,Australia,Tablet,740.23,Active,NULL,4/30/2024
3825,Laurie Figueroa,Japan,Keyboard,865.19,Completed,11/13/2022,10/26/2022
3826,Stacey Brown,Japan,Smartphone,618.08,Completed,10/6/2023,9/18/2023
3827,Jeffrey Rivera,Brazil,Mouse,736.65,Completed,9/5/2022,9/1/2022
3828,James Moore,USA,Laptop,554.13,Completed,7/16/2024,7/15/2024
3829,Kevin King,Canada,Headphones,652.59,Active,NULL,7/22/2023
3830,Laurie Figueroa,UK,Tablet,262.31,Completed,11/18/2023,11/10/2023
3831,Michelle Garrett,Australia,Monitor,842.01,Completed,12/23/2022,12/3/2022
3832,James Moore,USA,Mouse,937.2,Active,NULL,10/27/2022
3833,Kevin King,Australia,Smartphone,212.15,Completed,1/2/2023,12/13/2022
3834,Jeffery Mills,India,Speaker,755.03,Completed,7/28/2024,7/16/2024
3835,Kevin King,Canada,Printer,108.06,Completed,10/10/2023,10/8/2023
3836,Jessica White,France,Smartphone,982.34,Active,NULL,6/12/2023
3837,Justin Bowman,France,Keyboard,388.1,Active,NULL,9/23/2023
3838,Stacey Brown,UK,Webcam,268,Completed,10/4/2023,9/26/2023
3839,Jessica White,UK,Mouse,230.85,Completed,4/7/2024,3/30/2024
3840,James Moore,Germany,Printer,426.1,Active,NULL,7/15/2023
3841,Jeffrey Rivera,Australia,Headphones,260.83,Completed,1/29/2023,1/9/2023
3842,Stacey Brown,USA,Printer,859.51,Completed,9/11/2022,9/10/2022
3843,Jeffrey Rivera,Canada,Webcam,103.6,Completed,3/21/2024,3/19/2024
3844,Jeffrey Rivera,Japan,Monitor,417.91,Completed,5/20/2024,5/2/2024
3845,Kevin King,Australia,Headphones,491.13,Completed,7/23/2023,7/3/2023
3846,Erin Arnold,Brazil,Tablet,205.13,Completed,1/29/2024,1/25/2024
3847,Justin Bowman,Germany,Laptop,266.94,Completed,12/15/2022,12/5/2022
3848,Laurie Figueroa,UK,Smartphone,257.56,Completed,11/20/2023,11/12/2023
3849,Debra Hughes,Brazil,Printer,701.55,Completed,7/23/2023,7/19/2023
3850,Michelle Garrett,Germany,Tablet,161.33,Active,NULL,12/26/2023
3851,Jeffrey Sims,France,Printer,594.14,Completed,2/25/2024,2/19/2024
3852,Stacey Brown,China,Headphones,559.97,Completed,1/14/2023,12/30/2022
3853,Stacey Brown,Japan,Printer,897.12,Completed,10/3/2022,9/15/2022
3854,Erin Arnold,France,Headphones,933.5,Completed,2/25/2023,2/19/2023
3855,Candace Harris,Australia,Keyboard,662.64,Completed,9/15/2022,8/26/2022
3856,Bonnie Lucero,China,Keyboard,203.16,Completed,7/13/2024,6/28/2024
3857,Cynthia Herman,USA,Mouse,978.89,Active,NULL,1/24/2024
3858,James Moore,Canada,Mouse,103.37,Active,NULL,6/3/2023
3859,Michelle Garrett,UK,Smartphone,318.24,Active,NULL,9/3/2022
3860,Brandon Richards,Canada,Smartphone,367.04,Completed,8/24/2023,8/22/2023
3861,Jeffrey Sims,USA,Headphones,359.87,Completed,12/18/2023,12/17/2023
3862,Michelle Garrett,USA,Webcam,673.83,Completed,3/16/2024,3/15/2024
3863,Gabriel Vasquez,France,Printer,581.64,Completed,9/19/2023,9/13/2023
3864,Jeffrey Sims,USA,Mouse,808.92,Active,NULL,3/14/2023
3865,Candace Harris,Australia,Webcam,872.96,Completed,10/16/2022,9/26/2022
3866,Gabriel Vasquez,Brazil,Tablet,574.01,Completed,11/24/2023,11/20/2023
3867,Gabriel Vasquez,Canada,Tablet,149.84,Completed,11/1/2022,10/30/2022
3868,Cynthia Herman,India,Tablet,700.55,Completed,11/11/2022,10/30/2022
3869,Stacey Brown,Germany,Printer,766.66,Completed,3/20/2023,3/10/2023
3870,Debra Hughes,USA,Printer,186.42,Completed,10/6/2023,10/5/2023
3871,Candace Harris,Japan,Webcam,442.19,Completed,9/17/2023,8/30/2023
3872,Michelle Garrett,France,Monitor,141.57,Completed,8/28/2023,8/22/2023
3873,Justin Bowman,Australia,Laptop,818.67,Active,NULL,1/11/2023
3874,Jeffrey Sims,Japan,Headphones,626.7,Completed,10/13/2022,9/25/2022
3875,Kayla Banks,France,Speaker,336.04,Completed,8/13/2022,8/7/2022
3876,Erin Arnold,Australia,Headphones,945.96,Completed,6/15/2024,5/26/2024
3877,Kevin King,USA,Mouse,803.19,Active,NULL,4/2/2024
3878,Erin Arnold,UK,Webcam,882.9,Completed,12/26/2023,12/18/2023
3879,Laurie Figueroa,China,Speaker,767.21,Completed,8/22/2022,8/7/2022
3880,Justin Bowman,France,Keyboard,452.36,Completed,7/24/2023,7/18/2023
3881,Kayla Banks,Germany,Speaker,857.16,Active,NULL,2/18/2024
3882,Sandra Henderson,India,Monitor,988.03,Completed,11/28/2023,11/16/2023
3883,Bonnie Lucero,China,Headphones,612.46,Completed,3/21/2024,3/6/2024
3884,Jessica White,USA,Monitor,308.81,Completed,4/2/2024,4/1/2024
3885,Cynthia Herman,India,Keyboard,461.38,Active,NULL,10/1/2023
3886,Jeffery Mills,USA,Monitor,975.38,Completed,4/15/2024,4/14/2024
3887,Kayla Banks,France,Tablet,311.61,Completed,9/11/2023,9/5/2023
3888,Jessica White,Germany,Monitor,801.2,Completed,11/24/2022,11/14/2022
3889,Kevin King,China,Monitor,156.8,Completed,1/28/2024,1/13/2024
3890,Brandon Richards,France,Tablet,110.4,Completed,8/12/2023,8/6/2023
3891,Kayla Banks,India,Headphones,985.68,Active,NULL,5/4/2023
3892,Jeffrey Rivera,Japan,Smartphone,422.4,Completed,1/18/2024,12/31/2023
3893,Kevin King,Canada,Webcam,354.83,Completed,9/21/2022,9/19/2022
3894,Candace Harris,Australia,Tablet,688.33,Completed,5/26/2024,5/6/2024
3895,Debra Hughes,Brazil,Tablet,309.08,Completed,2/13/2023,2/9/2023
3896,Brandon Richards,Australia,Headphones,993.99,Completed,2/14/2023,1/25/2023
3897,Brandon Richards,Brazil,Keyboard,340.82,Completed,10/22/2023,10/18/2023
3898,Candace Harris,Germany,Printer,269.42,Completed,4/12/2024,4/2/2024
3899,Gabriel Vasquez,USA,Headphones,317.21,Completed,5/10/2024,5/9/2024
3900,Jessica White,Australia,Printer,905.37,Completed,12/7/2022,11/17/2022
3901,Kevin King,China,Smartphone,769.1,Completed,2/9/2024,1/25/2024
3902,Erin Arnold,Australia,Monitor,194.55,Completed,9/28/2022,9/8/2022
3903,Jeffery Mills,Australia,Speaker,472.26,Completed,6/25/2023,6/5/2023
3904,Kayla Banks,India,Webcam,730.49,Active,NULL,11/27/2023
3905,James Moore,Brazil,Webcam,148.11,Completed,4/2/2024,3/29/2024
3906,Erin Arnold,Brazil,Monitor,815.9,Active,NULL,9/27/2022
3907,Jeffrey Rivera,France,Monitor,374.82,Active,NULL,8/30/2023
3908,Justin Bowman,Japan,Speaker,890.05,Completed,11/18/2022,10/31/2022
3909,Stacey Brown,UK,Headphones,966.99,Completed,3/28/2023,3/20/2023
3910,Jeffrey Sims,Germany,Speaker,749.45,Completed,12/17/2022,12/7/2022
3911,Brandon Richards,France,Printer,984.96,Completed,9/5/2022,8/30/2022
3912,Candace Harris,China,Laptop,193.05,Active,NULL,4/7/2024
3913,Michelle Garrett,Germany,Tablet,859.36,Completed,11/8/2023,10/29/2023
3914,Michelle Garrett,India,Webcam,332.42,Completed,5/18/2024,5/6/2024
3915,James Moore,France,Headphones,835.2,Active,NULL,7/18/2023
3916,Bonnie Lucero,Germany,Webcam,397.26,Completed,7/1/2024,6/21/2024
3917,Erin Arnold,Germany,Laptop,229.36,Active,NULL,11/30/2022
3918,Erin Arnold,France,Mouse,261.98,Completed,2/2/2023,1/27/2023
3919,Laurie Figueroa,Germany,Printer,639.48,Active,NULL,5/29/2024
3920,Stacey Brown,Germany,Speaker,704.31,Completed,11/3/2023,10/24/2023
3921,Cynthia Herman,India,Printer,267.63,Completed,3/24/2024,3/12/2024
3922,Candace Harris,USA,Tablet,405.78,Completed,7/1/2023,6/30/2023
3923,Laurie Figueroa,Australia,Smartphone,616.15,Completed,6/15/2023,5/26/2023
3924,Debra Hughes,UK,Laptop,499.16,Active,NULL,6/9/2023
3925,Kayla Banks,India,Webcam,569.29,Active,NULL,12/12/2022
3926,Debra Hughes,Germany,Monitor,404.1,Completed,3/13/2024,3/3/2024
3927,Gabriel Vasquez,Australia,Smartphone,920.91,Completed,5/25/2024,5/5/2024
3928,Candace Harris,France,Webcam,778.57,Completed,3/2/2024,2/25/2024
3929,Brandon Richards,USA,Printer,642.35,Completed,12/26/2023,12/25/2023
3930,Justin Bowman,Germany,Printer,813.4,Active,NULL,6/16/2024
3931,Catherine Roberts,Australia,Laptop,309.81,Active,NULL,7/15/2024
3932,Gabriel Vasquez,USA,Smartphone,228.77,Active,NULL,10/12/2023
3933,Stacey Brown,Canada,Printer,407.04,Active,NULL,12/30/2023
3934,Justin Bowman,Germany,Printer,270.29,Completed,7/14/2023,7/4/2023
3935,Brandon Richards,Brazil,Printer,454.92,Completed,5/1/2024,4/27/2024
3936,Jessica White,China,Laptop,744.83,Completed,6/6/2024,5/22/2024
3937,Catherine Roberts,China,Tablet,212.38,Completed,3/4/2024,2/18/2024
3938,Justin Bowman,Brazil,Laptop,490.05,Completed,5/16/2023,5/12/2023
3939,Jeffrey Rivera,Japan,Mouse,800.42,Completed,8/8/2024,7/21/2024
3940,Laurie Figueroa,Germany,Webcam,439.44,Completed,12/15/2023,12/5/2023
3941,Laurie Figueroa,USA,Speaker,738.67,Completed,5/23/2023,5/22/2023
3942,Jessica White,Japan,Speaker,200.73,Active,NULL,7/30/2024
3943,Bonnie Lucero,China,Laptop,533.57,Completed,10/22/2022,10/7/2022
3944,Michelle Garrett,USA,Speaker,688.92,Active,NULL,7/9/2023
3945,Kayla Banks,Brazil,Keyboard,525.36,Completed,10/22/2023,10/18/2023
3946,Cynthia Herman,USA,Tablet,825.11,Active,NULL,5/5/2023
3947,Sandra Henderson,Canada,Mouse,497.52,Completed,6/16/2024,6/14/2024
3948,Justin Bowman,China,Webcam,613.19,Completed,12/22/2022,12/7/2022
3949,Kayla Banks,India,Tablet,801.4,Completed,8/22/2023,8/10/2023
3950,Debra Hughes,China,Smartphone,883.43,Completed,1/8/2023,12/24/2022
3951,Michelle Garrett,UK,Keyboard,937.19,Completed,1/26/2023,1/18/2023
3952,Candace Harris,Germany,Speaker,967.05,Active,NULL,12/10/2023
3953,Debra Hughes,Brazil,Keyboard,594.06,Active,NULL,10/5/2023
3954,Catherine Roberts,UK,Webcam,660.02,Completed,10/28/2022,10/20/2022
3955,Stacey Brown,Japan,Speaker,126.01,Completed,12/4/2023,11/16/2023
3956,Justin Bowman,Germany,Monitor,268.55,Completed,7/15/2024,7/5/2024
3957,Candace Harris,Brazil,Monitor,847.22,Active,NULL,9/4/2023
3958,Debra Hughes,Brazil,Tablet,516.82,Active,NULL,9/11/2023
3959,Jeffrey Sims,UK,Tablet,463.51,Active,NULL,6/2/2024
3960,Kevin King,China,Speaker,222.1,Completed,10/7/2023,9/22/2023
3961,Sandra Henderson,USA,Webcam,654.73,Active,NULL,2/29/2024
3962,James Moore,USA,Laptop,852.31,Completed,12/3/2022,12/2/2022
3963,Cynthia Herman,USA,Monitor,773.1,Completed,3/31/2024,3/30/2024
3964,Candace Harris,China,Monitor,438.52,Completed,11/30/2023,11/15/2023
3965,Candace Harris,USA,Keyboard,975.36,Completed,5/31/2023,5/30/2023
3966,Laurie Figueroa,UK,Speaker,718.26,Active,NULL,9/23/2023
3967,Brandon Richards,UK,Speaker,513.84,Active,NULL,5/12/2023
3968,Jeffrey Sims,Brazil,Tablet,302.15,Completed,6/30/2024,6/26/2024
3969,James Moore,China,Monitor,943.81,Completed,12/24/2023,12/9/2023
3970,Jeffrey Rivera,USA,Mouse,549.11,Active,NULL,1/29/2023
3971,Laurie Figueroa,India,Mouse,712.6,Completed,7/1/2023,6/19/2023
3972,Michelle Garrett,Brazil,Mouse,662.07,Completed,5/18/2024,5/14/2024
3973,Erin Arnold,Australia,Laptop,666.22,Completed,12/29/2022,12/9/2022
3974,Gabriel Vasquez,India,Webcam,414.48,Completed,1/21/2023,1/9/2023
3975,Kayla Banks,India,Speaker,457.9,Completed,3/19/2023,3/7/2023
3976,Bonnie Lucero,Japan,Headphones,281.28,Completed,1/10/2024,12/23/2023
3977,Cynthia Herman,France,Laptop,235.98,Completed,9/24/2023,9/18/2023
3978,Debra Hughes,Japan,Mouse,240.12,Completed,4/5/2023,3/18/2023
3979,Kevin King,UK,Mouse,564.35,Completed,7/31/2023,7/23/2023
3980,Kayla Banks,France,Mouse,195.79,Completed,4/12/2023,4/6/2023
3981,Kevin King,Japan,Speaker,673.67,Completed,3/2/2024,2/13/2024
3982,Kayla Banks,India,Smartphone,407.74,Active,NULL,5/6/2023
3983,Erin Arnold,France,Laptop,359.96,Completed,9/8/2023,9/2/2023
3984,Sandra Henderson,Australia,Webcam,371.88,Completed,1/14/2023,12/25/2022
3985,Cynthia Herman,China,Keyboard,195.44,Completed,8/10/2024,7/26/2024
3986,Candace Harris,Australia,Headphones,260.27,Completed,7/28/2023,7/8/2023
3987,Gabriel Vasquez,India,Headphones,617.12,Completed,3/27/2024,3/15/2024
3988,Justin Bowman,India,Printer,647.38,Completed,5/27/2023,5/15/2023
3989,Jeffrey Sims,UK,Monitor,681.56,Active,NULL,5/13/2023
3990,Justin Bowman,China,Mouse,226.95,Completed,5/26/2023,5/11/2023
3991,Candace Harris,UK,Smartphone,572.47,Completed,6/4/2024,5/27/2024
3992,Sandra Henderson,Germany,Monitor,476.95,Active,NULL,5/21/2024
3993,Brandon Richards,Brazil,Printer,563.26,Completed,3/27/2023,3/23/2023
3994,Debra Hughes,Brazil,Laptop,438.26,Active,NULL,1/16/2023
3995,Bonnie Lucero,China,Smartphone,374.48,Completed,12/17/2022,12/2/2022
3996,Candace Harris,India,Laptop,590.67,Completed,7/18/2024,7/6/2024
3997,Sandra Henderson,USA,Laptop,232.86,Completed,4/26/2024,4/25/2024
3998,Debra Hughes,UK,Smartphone,342.51,Completed,6/23/2024,6/15/2024
3999,Catherine Roberts,Australia,Laptop,262.59,Completed,9/4/2022,8/15/2022
4000,Michelle Garrett,France,Tablet,585.1,Completed,12/12/2022,12/6/2022
4001,Jeffrey Rivera,USA,Monitor,156.68,Completed,4/8/2024,4/7/2024
4002,Erin Arnold,Germany,Speaker,424.14,Completed,6/23/2023,6/13/2023
4003,Candace Harris,India,Keyboard,457.81,Completed,5/1/2023,4/19/2023
4004,Sandra Henderson,China,Monitor,141.82,Active,NULL,2/10/2023
4005,James Moore,Brazil,Mouse,204.12,Active,NULL,5/25/2024
4006,Jeffery Mills,Australia,Keyboard,891.97,Active,NULL,10/20/2023
4007,Sandra Henderson,Germany,Keyboard,487.62,Completed,8/23/2023,8/13/2023
4008,Jeffrey Rivera,Canada,Speaker,179.49,Active,NULL,10/27/2022
4009,Kayla Banks,Australia,Keyboard,522.84,Completed,9/2/2023,8/13/2023
4010,Debra Hughes,France,Mouse,464.99,Completed,2/9/2024,2/3/2024
4011,Kevin King,China,Keyboard,270.43,Active,NULL,6/2/2023
4012,James Moore,Brazil,Speaker,708.74,Active,NULL,5/3/2024
4013,Stacey Brown,Japan,Speaker,303.51,Completed,7/19/2024,7/1/2024
4014,Jeffrey Sims,Canada,Speaker,921.15,Active,NULL,4/8/2024
4015,Bonnie Lucero,Brazil,Mouse,621.73,Completed,3/22/2024,3/18/2024
4016,Kevin King,UK,Monitor,599.04,Active,NULL,8/7/2023
4017,Stacey Brown,Germany,Tablet,914.88,Active,NULL,11/17/2022
4018,Jeffrey Rivera,Japan,Printer,591.01,Completed,11/17/2022,10/30/2022
4019,Debra Hughes,USA,Speaker,769.19,Active,NULL,4/26/2024
4020,Jeffrey Rivera,Japan,Laptop,445.9,Completed,3/20/2023,3/2/2023
4021,Kayla Banks,Japan,Laptop,935.29,Completed,11/4/2023,10/17/2023
4022,Bonnie Lucero,India,Laptop,438.5,Active,NULL,8/19/2022
4023,Sandra Henderson,Australia,Monitor,386.36,Completed,4/26/2023,4/6/2023
4024,Laurie Figueroa,France,Webcam,877.86,Completed,5/9/2024,5/3/2024
4025,Justin Bowman,UK,Headphones,428.25,Active,NULL,11/4/2023
4026,Catherine Roberts,Germany,Laptop,777.77,Completed,4/26/2023,4/16/2023
4027,Candace Harris,Germany,Printer,506.63,Completed,11/5/2022,10/26/2022
4028,Sandra Henderson,China,Printer,935.33,Active,NULL,2/21/2023
4029,Jessica White,Canada,Mouse,545.86,Completed,10/11/2022,10/9/2022
4030,Candace Harris,Brazil,Webcam,980.7,Active,NULL,2/11/2024
4031,Bonnie Lucero,UK,Smartphone,114.09,Active,NULL,4/1/2023
4032,Gabriel Vasquez,France,Webcam,512.83,Completed,2/12/2023,2/6/2023
4033,Kayla Banks,China,Smartphone,688.85,Completed,5/19/2023,5/4/2023
4034,Erin Arnold,Japan,Speaker,185.86,Completed,10/11/2022,9/23/2022
4035,Brandon Richards,France,Laptop,143.22,Active,NULL,1/25/2024
4036,Gabriel Vasquez,UK,Keyboard,390.59,Active,NULL,10/30/2022
4037,Bonnie Lucero,India,Monitor,400.78,Completed,3/23/2023,3/11/2023
4038,Brandon Richards,USA,Speaker,558.67,Active,NULL,11/23/2022
4039,Jeffery Mills,India,Headphones,236.41,Completed,12/13/2022,12/1/2022
4040,Jeffrey Rivera,Canada,Tablet,908.84,Completed,7/19/2024,7/17/2024
4041,Debra Hughes,Australia,Smartphone,103.17,Active,NULL,11/16/2023
4042,Justin Bowman,Australia,Tablet,881.57,Active,NULL,8/10/2022
4043,Laurie Figueroa,UK,Headphones,765.96,Completed,1/7/2024,12/30/2023
4044,Kayla Banks,Canada,Keyboard,864.36,Active,NULL,11/27/2023
4045,Gabriel Vasquez,Australia,Smartphone,837.1,Completed,6/7/2023,5/18/2023
4046,Justin Bowman,Canada,Tablet,309.92,Completed,7/4/2024,7/2/2024
4047,Catherine Roberts,Canada,Speaker,842.65,Completed,12/24/2022,12/22/2022
4048,Jeffrey Rivera,USA,Keyboard,538.18,Completed,6/15/2024,6/14/2024
4049,Cynthia Herman,Japan,Printer,867.38,Active,NULL,9/19/2022
4050,Jeffrey Sims,Germany,Keyboard,527.88,Completed,1/18/2023,1/8/2023
4051,Kayla Banks,France,Monitor,951.83,Completed,3/3/2024,2/26/2024
4052,Kayla Banks,USA,Keyboard,803.88,Completed,3/4/2024,3/3/2024
4053,Brandon Richards,Brazil,Keyboard,242.25,Active,NULL,11/16/2023
4054,Justin Bowman,Japan,Webcam,495.24,Completed,1/1/2023,12/14/2022
4055,James Moore,Japan,Webcam,821.58,Active,NULL,12/18/2022
4056,Jeffery Mills,Canada,Tablet,495.67,Completed,9/7/2022,9/5/2022
4057,Gabriel Vasquez,Brazil,Printer,297.92,Active,NULL,7/3/2024
4058,Erin Arnold,Japan,Mouse,798.11,Completed,2/24/2024,2/6/2024
4059,Jessica White,Australia,Speaker,917.43,Completed,7/22/2023,7/2/2023
4060,Debra Hughes,Germany,Speaker,931.4,Completed,10/30/2023,10/20/2023
4061,Sandra Henderson,France,Webcam,275.8,Active,NULL,9/19/2023
4062,Justin Bowman,China,Headphones,445.32,Completed,9/5/2023,8/21/2023
4063,Catherine Roberts,India,Speaker,133.48,Active,NULL,2/2/2024
4064,Cynthia Herman,Australia,Laptop,830.7,Active,NULL,11/17/2022
4065,Bonnie Lucero,France,Mouse,471.76,Completed,4/18/2023,4/12/2023
4066,Sandra Henderson,China,Mouse,158.05,Completed,6/20/2024,6/5/2024
4067,Bonnie Lucero,Germany,Laptop,870.94,Completed,9/6/2023,8/27/2023
4068,Jeffery Mills,Canada,Smartphone,996.1,Completed,12/5/2023,12/3/2023
4069,Jeffrey Rivera,France,Webcam,934.17,Completed,12/5/2022,11/29/2022
4070,Cynthia Herman,Brazil,Tablet,253.84,Completed,8/24/2023,8/20/2023
4071,Bonnie Lucero,Germany,Keyboard,365.81,Completed,9/14/2023,9/4/2023
4072,Justin Bowman,Canada,Speaker,556.51,Completed,12/14/2023,12/12/2023
4073,Jeffrey Rivera,UK,Keyboard,298.02,Completed,6/24/2024,6/16/2024
4074,James Moore,Canada,Webcam,566.36,Completed,10/22/2023,10/20/2023
4075,Kayla Banks,China,Monitor,539.64,Completed,4/25/2023,4/10/2023
4076,Catherine Roberts,Brazil,Keyboard,761.01,Active,NULL,1/15/2024
4077,James Moore,USA,Headphones,208.42,Active,NULL,6/10/2023
4078,Jeffrey Rivera,Japan,Keyboard,337.41,Completed,1/27/2023,1/9/2023
4079,Jessica White,Japan,Tablet,923.87,Completed,4/3/2024,3/16/2024
4080,Sandra Henderson,China,Webcam,613.08,Completed,2/11/2024,1/27/2024
4081,Kevin King,France,Mouse,797.85,Active,NULL,10/7/2022
4082,Kayla Banks,USA,Mouse,744.77,Active,NULL,1/10/2023
4083,Kayla Banks,India,Mouse,782.31,Completed,7/6/2024,6/24/2024
4084,Michelle Garrett,Brazil,Speaker,462.12,Completed,7/1/2024,6/27/2024
4085,Gabriel Vasquez,China,Keyboard,566.14,Active,NULL,6/1/2024
4086,Laurie Figueroa,UK,Headphones,259.23,Completed,5/3/2023,4/25/2023
4087,Jeffrey Rivera,France,Mouse,523.2,Completed,6/5/2024,5/30/2024
4088,Jeffrey Rivera,Japan,Mouse,596.09,Completed,11/23/2023,11/5/2023
4089,Michelle Garrett,Australia,Printer,340.35,Completed,11/14/2023,10/25/2023
4090,Brandon Richards,Germany,Laptop,427.01,Completed,10/12/2023,10/2/2023
4091,Jeffrey Rivera,Canada,Smartphone,724.14,Completed,10/5/2023,10/3/2023
4092,Stacey Brown,Australia,Mouse,370.6,Active,NULL,9/20/2023
4093,Kayla Banks,USA,Monitor,237.51,Completed,7/27/2024,7/26/2024
4094,Jeffery Mills,Australia,Smartphone,329.05,Completed,11/26/2023,11/6/2023
4095,Sandra Henderson,India,Headphones,152.95,Completed,5/3/2023,4/21/2023
4096,Catherine Roberts,Canada,Mouse,499.01,Completed,1/18/2024,1/16/2024
4097,Sandra Henderson,India,Speaker,720.83,Completed,11/30/2022,11/18/2022
4098,Erin Arnold,Australia,Smartphone,168.05,Active,NULL,9/26/2023
4099,Sandra Henderson,UK,Speaker,805.85,Completed,4/25/2023,4/17/2023
4100,Brandon Richards,Germany,Speaker,539.59,Completed,11/16/2023,11/6/2023
4101,Jessica White,Japan,Laptop,167.67,Completed,8/12/2023,7/25/2023
4102,Brandon Richards,India,Mouse,452.46,Completed,7/19/2023,7/7/2023
4103,Jeffery Mills,USA,Speaker,744.54,Completed,4/13/2024,4/12/2024
4104,Kevin King,Germany,Speaker,815.6,Completed,2/9/2023,1/30/2023
4105,Jeffrey Rivera,France,Speaker,370.65,Completed,3/28/2024,3/22/2024
4106,Kayla Banks,USA,Smartphone,733.57,Active,NULL,11/1/2023
4107,Bonnie Lucero,Brazil,Webcam,416.49,Active,NULL,9/19/2023
4108,Erin Arnold,Australia,Smartphone,357.91,Active,NULL,10/22/2022
4109,Candace Harris,Brazil,Speaker,765.56,Completed,5/17/2024,5/13/2024
4110,James Moore,Germany,Speaker,277.67,Completed,5/19/2024,5/9/2024
4111,Candace Harris,China,Webcam,289.4,Completed,4/4/2023,3/20/2023
4112,Cynthia Herman,UK,Laptop,702.86,Completed,8/29/2023,8/21/2023
4113,Debra Hughes,China,Headphones,968.36,Active,NULL,9/4/2022
4114,Jeffery Mills,Australia,Printer,338.36,Active,NULL,9/18/2023
4115,Stacey Brown,Germany,Tablet,821.66,Completed,4/17/2023,4/7/2023
4116,Brandon Richards,Germany,Mouse,969.96,Completed,8/10/2023,7/31/2023
4117,Laurie Figueroa,China,Laptop,846.91,Active,NULL,4/4/2023
4118,Brandon Richards,Australia,Smartphone,670.9,Completed,12/1/2023,11/11/2023
4119,Laurie Figueroa,Canada,Webcam,413.8,Completed,8/20/2022,8/18/2022
4120,James Moore,France,Webcam,918.96,Completed,10/27/2022,10/21/2022
4121,Michelle Garrett,China,Mouse,846.66,Completed,7/6/2024,6/21/2024
4122,Sandra Henderson,Canada,Headphones,524.66,Active,NULL,3/1/2023
4123,Jeffrey Sims,Japan,Tablet,882,Completed,7/21/2024,7/3/2024
4124,Jessica White,France,Headphones,663.86,Completed,1/11/2023,1/5/2023
4125,Michelle Garrett,UK,Printer,278.97,Completed,10/17/2023,10/9/2023
4126,Candace Harris,China,Mouse,378.78,Completed,12/19/2022,12/4/2022
4127,Jeffrey Sims,USA,Smartphone,800.91,Completed,3/6/2023,3/5/2023
4128,Kayla Banks,Brazil,Monitor,924.83,Completed,10/12/2023,10/8/2023
4129,Catherine Roberts,Germany,Mouse,905.73,Active,NULL,9/17/2023
4130,Cynthia Herman,India,Headphones,348.38,Active,NULL,8/20/2022
4131,Bonnie Lucero,Germany,Smartphone,814.42,Active,NULL,9/8/2022
4132,Michelle Garrett,USA,Tablet,222.09,Completed,6/6/2024,6/5/2024
4133,Sandra Henderson,Brazil,Smartphone,251.74,Completed,2/16/2024,2/12/2024
4134,Jeffery Mills,China,Monitor,568.24,Active,NULL,1/4/2023
4135,Jeffrey Sims,UK,Mouse,474.44,Active,NULL,8/9/2023
4136,Jeffrey Sims,USA,Laptop,765.31,Completed,7/24/2023,7/23/2023
4137,Brandon Richards,USA,Mouse,294.79,Active,NULL,12/11/2023
4138,Catherine Roberts,Germany,Tablet,113.98,Completed,9/26/2023,9/16/2023
4139,Debra Hughes,Australia,Smartphone,876.44,Completed,11/6/2022,10/17/2022
4140,Jessica White,Japan,Smartphone,111.18,Active,NULL,4/13/2024
4141,Justin Bowman,Australia,Printer,767.17,Active,NULL,12/9/2022
4142,Jeffrey Rivera,Japan,Printer,888.01,Active,NULL,10/12/2022
4143,Jeffery Mills,USA,Webcam,734.52,Completed,11/5/2023,11/4/2023
4144,Kayla Banks,Canada,Smartphone,665.07,Completed,6/6/2023,6/4/2023
4145,Gabriel Vasquez,Germany,Laptop,893.65,Completed,8/6/2023,7/27/2023
4146,Catherine Roberts,Japan,Tablet,609.38,Active,NULL,8/7/2022
4147,Sandra Henderson,Japan,Printer,262.24,Active,NULL,8/6/2023
4148,Bonnie Lucero,France,Webcam,508.34,Completed,3/19/2024,3/13/2024
4149,Candace Harris,Australia,Webcam,678.88,Completed,6/27/2024,6/7/2024
4150,Jeffery Mills,France,Keyboard,120.01,Active,NULL,10/5/2023
4151,Kevin King,Brazil,Speaker,708.57,Active,NULL,10/21/2022
4152,James Moore,USA,Headphones,375.31,Active,NULL,1/29/2023
4153,Bonnie Lucero,Australia,Tablet,628,Completed,2/11/2023,1/22/2023
4154,Stacey Brown,UK,Smartphone,194.55,Completed,4/2/2023,3/25/2023
4155,Michelle Garrett,France,Headphones,959.3,Active,NULL,6/8/2024
4156,Gabriel Vasquez,India,Headphones,991.64,Active,NULL,4/10/2023
4157,Justin Bowman,China,Tablet,136.91,Completed,6/1/2023,5/17/2023
4158,Brandon Richards,France,Monitor,894.05,Completed,3/28/2024,3/22/2024
4159,Jeffery Mills,Australia,Printer,709.39,Completed,4/6/2024,3/17/2024
4160,Cynthia Herman,USA,Monitor,325.49,Completed,4/12/2023,4/11/2023
4161,Jessica White,Brazil,Monitor,354.77,Completed,3/6/2023,3/2/2023
4162,Catherine Roberts,UK,Webcam,746.93,Active,NULL,2/16/2024
4163,Bonnie Lucero,Japan,Smartphone,700.14,Completed,12/22/2023,12/4/2023
4164,Debra Hughes,France,Monitor,673.19,Completed,2/10/2023,2/4/2023
4165,Gabriel Vasquez,Brazil,Headphones,439.92,Completed,3/10/2023,3/6/2023
4166,Jeffrey Rivera,China,Laptop,287.17,Active,NULL,5/14/2023
4167,Debra Hughes,Canada,Monitor,989.79,Completed,11/17/2023,11/15/2023
4168,Catherine Roberts,USA,Tablet,181.98,Active,NULL,8/6/2023
4169,Debra Hughes,Japan,Keyboard,370.38,Active,NULL,12/26/2022
4170,Kevin King,Canada,Speaker,450.29,Completed,12/25/2022,12/23/2022
4171,Stacey Brown,Brazil,Laptop,155.01,Active,NULL,2/16/2023
4172,Jessica White,India,Monitor,720.9,Completed,1/29/2024,1/17/2024
4173,Sandra Henderson,China,Tablet,486.08,Completed,2/13/2023,1/29/2023
4174,Bonnie Lucero,Australia,Mouse,628.34,Completed,9/8/2022,8/19/2022
4175,Kevin King,China,Smartphone,113.67,Completed,3/23/2023,3/8/2023
4176,Candace Harris,Australia,Speaker,890.28,Completed,4/28/2024,4/8/2024
4177,Erin Arnold,Brazil,Monitor,944.82,Active,NULL,7/17/2023
4178,Laurie Figueroa,Japan,Headphones,896.46,Returned,NULL,3/7/2023
4179,Kayla Banks,Germany,Monitor,601.1,Active,NULL,8/17/2023
4180,Stacey Brown,Germany,Tablet,890.86,Completed,11/8/2022,10/29/2022
4181,Gabriel Vasquez,Australia,Keyboard,755.45,Returned,NULL,6/17/2023
4182,Bonnie Lucero,Germany,Smartphone,428.92,Completed,8/30/2023,8/20/2023
4183,Kevin King,Japan,Webcam,407.07,Completed,6/18/2024,5/31/2024
4184,Laurie Figueroa,China,Webcam,435.64,Returned,NULL,6/10/2023
4185,Candace Harris,Brazil,Speaker,555.67,Completed,8/27/2023,8/23/2023
4186,Jeffrey Sims,USA,Speaker,737.22,Active,NULL,8/14/2023
4187,Laurie Figueroa,India,Tablet,234.73,Completed,8/16/2023,8/4/2023
4188,Stacey Brown,UK,Headphones,521.11,Completed,1/8/2023,12/31/2022
4189,Bonnie Lucero,USA,Printer,836.9,Returned,NULL,8/31/2023
4190,Jeffrey Rivera,India,Smartphone,906.72,Completed,9/12/2022,8/31/2022
4191,Stacey Brown,Australia,Printer,246.18,Active,NULL,2/1/2023
4192,Kayla Banks,Germany,Laptop,696.07,Completed,7/26/2024,7/16/2024
4193,Bonnie Lucero,France,Tablet,488.03,Completed,9/16/2023,9/10/2023
4194,Bonnie Lucero,China,Speaker,425.69,Completed,2/21/2024,2/6/2024
4195,Jessica White,UK,Mouse,816.81,Completed,11/9/2023,11/1/2023
4196,Laurie Figueroa,Germany,Tablet,270.79,Returned,NULL,8/14/2022
4197,Brandon Richards,Japan,Tablet,708.14,Returned,NULL,12/14/2022
4198,Jeffery Mills,Japan,Webcam,360.67,Active,NULL,3/23/2024
4199,Debra Hughes,UK,Monitor,114.76,Returned,NULL,11/10/2023
4200,Michelle Garrett,Australia,Monitor,306.63,Returned,NULL,6/22/2023
4201,Sandra Henderson,Australia,Tablet,218.01,Active,NULL,8/28/2023
4202,Jeffrey Rivera,USA,Monitor,833.12,Completed,4/12/2024,4/11/2024
4203,Bonnie Lucero,Brazil,Smartphone,278.39,Completed,9/8/2022,9/4/2022
4204,Sandra Henderson,USA,Printer,109,Returned,NULL,1/13/2023
4205,Stacey Brown,Japan,Monitor,134.31,Active,NULL,12/12/2023
4206,Catherine Roberts,UK,Printer,475.44,Returned,NULL,9/20/2023
4207,Gabriel Vasquez,Japan,Printer,637.47,Active,NULL,1/19/2024
4208,Kayla Banks,Japan,Tablet,750.43,Returned,NULL,7/11/2023
4209,Michelle Garrett,Canada,Printer,489.73,Completed,3/28/2024,3/26/2024
4210,Michelle Garrett,Brazil,Tablet,112.95,Returned,NULL,1/8/2024
4211,Jeffrey Rivera,India,Speaker,471.96,Completed,4/24/2023,4/12/2023
4212,Catherine Roberts,China,Laptop,443.73,Returned,NULL,3/8/2023
4213,Laurie Figueroa,Germany,Monitor,431.02,Completed,1/8/2024,12/29/2023
4214,Erin Arnold,USA,Speaker,781.03,Active,NULL,3/23/2024
4215,Jeffrey Rivera,China,Webcam,584.54,Returned,NULL,4/14/2024
4216,Kayla Banks,Germany,Headphones,863.47,Active,NULL,5/20/2024
4217,Jeffrey Sims,China,Tablet,114.63,Returned,NULL,5/10/2023
4218,Jeffery Mills,Australia,Speaker,860.6,Returned,NULL,4/10/2024
4219,Jessica White,UK,Mouse,504.83,Active,NULL,3/30/2024
4220,Debra Hughes,Australia,Headphones,158.19,Returned,NULL,4/13/2023
4221,Catherine Roberts,USA,Monitor,204.88,Active,NULL,6/18/2024
4222,Bonnie Lucero,Australia,Laptop,789.37,Returned,NULL,2/14/2024
4223,Stacey Brown,Germany,Tablet,750.42,Completed,3/27/2024,3/17/2024
4224,Gabriel Vasquez,USA,Speaker,363.87,Active,NULL,6/17/2023
4225,Jeffrey Sims,Brazil,Keyboard,184.57,Returned,NULL,4/20/2024
4226,Debra Hughes,China,Mouse,659.78,Active,NULL,5/4/2024
4227,Stacey Brown,Brazil,Webcam,654.25,Completed,9/23/2022,9/19/2022
4228,Debra Hughes,Germany,Laptop,556.08,Returned,NULL,1/17/2024
4229,Sandra Henderson,Germany,Smartphone,829.88,Completed,4/22/2023,4/12/2023
4230,Bonnie Lucero,Australia,Tablet,753.79,Completed,3/22/2023,3/2/2023
4231,Debra Hughes,Japan,Printer,409.86,Completed,2/5/2023,1/18/2023
4232,Erin Arnold,India,Tablet,479.42,Completed,9/12/2023,8/31/2023
4233,Jessica White,Australia,Keyboard,766.2,Completed,12/21/2023,12/1/2023
4234,Cynthia Herman,USA,Keyboard,544.47,Returned,NULL,9/26/2023
4235,Michelle Garrett,Japan,Tablet,766.66,Returned,NULL,1/25/2024
4236,Jessica White,India,Keyboard,460.61,Completed,6/22/2024,6/10/2024
4237,Kayla Banks,Canada,Speaker,767.86,Completed,4/6/2023,4/4/2023
4238,Debra Hughes,France,Headphones,291.04,Active,NULL,1/15/2024
4239,Cynthia Herman,Canada,Tablet,354.81,Completed,4/2/2023,3/31/2023
4240,Candace Harris,Canada,Mouse,166.92,Active,NULL,1/4/2023
4241,Gabriel Vasquez,USA,Monitor,525.9,Returned,NULL,2/16/2024
4242,Jeffery Mills,USA,Webcam,336.13,Returned,NULL,8/23/2023
4243,Jeffrey Rivera,Canada,Smartphone,479.52,Completed,10/20/2022,10/18/2022
4244,Jeffery Mills,Japan,Laptop,127.18,Returned,NULL,6/19/2023
4245,Gabriel Vasquez,UK,Tablet,875.97,Active,NULL,6/5/2024
4246,Michelle Garrett,USA,Printer,799.91,Active,NULL,4/25/2023
4247,Stacey Brown,Australia,Keyboard,759.33,Active,NULL,9/11/2023
4248,Cynthia Herman,France,Monitor,246.85,Completed,7/1/2024,6/25/2024
4249,Stacey Brown,China,Speaker,305.91,Completed,5/23/2024,5/8/2024
4250,Laurie Figueroa,India,Webcam,694.44,Returned,NULL,7/23/2023
4251,Stacey Brown,Brazil,Webcam,889.9,Returned,NULL,12/21/2023
4252,Jeffery Mills,Australia,Keyboard,304.58,Active,NULL,11/5/2022
4253,Jeffrey Sims,UK,Keyboard,679.89,Active,NULL,10/25/2022
4254,Bonnie Lucero,India,Printer,386.3,Returned,NULL,8/16/2023
4255,Sandra Henderson,USA,Tablet,418.6,Completed,10/3/2023,10/2/2023
4256,Sandra Henderson,USA,Smartphone,533.53,Returned,NULL,6/5/2023
4257,Laurie Figueroa,UK,Webcam,508.05,Returned,NULL,8/25/2022
4258,Kayla Banks,Germany,Headphones,812.34,Returned,NULL,3/31/2024
4259,Kayla Banks,Australia,Tablet,707.24,Returned,NULL,2/28/2023
4260,Jeffrey Sims,France,Headphones,615.33,Active,NULL,5/19/2023
4261,Sandra Henderson,Brazil,Laptop,302.11,Active,NULL,12/28/2022
4262,Bonnie Lucero,USA,Smartphone,520.34,Active,NULL,9/16/2023
4263,Debra Hughes,UK,Monitor,995.72,Active,NULL,4/2/2024
4264,Jeffery Mills,Australia,Webcam,863.43,Returned,NULL,9/19/2022
4265,Jeffery Mills,Japan,Mouse,936.48,Returned,NULL,3/24/2023
4266,Jeffrey Rivera,Brazil,Smartphone,385.89,Returned,NULL,11/9/2022
4267,Justin Bowman,China,Tablet,209.48,Returned,NULL,10/10/2022
4268,Gabriel Vasquez,UK,Webcam,310.68,Active,NULL,5/20/2024
4269,Jeffery Mills,China,Printer,689.25,Returned,NULL,11/1/2023
4270,Jessica White,France,Tablet,303.77,Completed,9/7/2023,9/1/2023
4271,Jeffrey Sims,China,Printer,660.62,Active,NULL,12/12/2023
4272,James Moore,India,Keyboard,780.38,Returned,NULL,3/3/2024
4273,Candace Harris,Australia,Mouse,886.22,Completed,4/2/2024,3/13/2024
4274,Erin Arnold,USA,Printer,310.06,Active,NULL,9/10/2022
4275,Kayla Banks,USA,Printer,179.13,Active,NULL,10/25/2022
4276,Jessica White,Japan,Monitor,935.97,Completed,1/16/2024,12/29/2023
4277,Stacey Brown,India,Printer,472.36,Active,NULL,12/31/2023
4278,Kayla Banks,Germany,Headphones,479.18,Returned,NULL,5/20/2024
4279,Bonnie Lucero,USA,Keyboard,441.41,Active,NULL,4/27/2024
4280,Bonnie Lucero,France,Headphones,531.34,Active,NULL,8/27/2022
4281,Stacey Brown,USA,Speaker,279.55,Active,NULL,7/12/2023
4282,Gabriel Vasquez,USA,Speaker,513.75,Active,NULL,6/18/2023
4283,James Moore,USA,Headphones,873.51,Completed,5/10/2023,5/9/2023
4284,James Moore,Germany,Keyboard,823.55,Returned,NULL,3/30/2023
4285,Debra Hughes,USA,Smartphone,370.18,Returned,NULL,3/9/2024
4286,Stacey Brown,Australia,Printer,166.37,Completed,10/12/2023,9/22/2023
4287,Brandon Richards,Japan,Keyboard,905.44,Returned,NULL,8/22/2023
4288,Cynthia Herman,USA,Monitor,406.36,Completed,6/23/2023,6/22/2023
4289,Michelle Garrett,Japan,Headphones,584.55,Active,NULL,8/24/2022
4290,Bonnie Lucero,Australia,Printer,363.23,Active,NULL,8/31/2022
4291,Erin Arnold,Brazil,Keyboard,150.47,Active,NULL,12/2/2022
4292,Kayla Banks,Germany,Laptop,222.06,Returned,NULL,4/21/2023
4293,Catherine Roberts,UK,Printer,814.88,Active,NULL,12/3/2023
4294,Jessica White,India,Tablet,694.15,Active,NULL,1/20/2023
4295,Stacey Brown,China,Speaker,715.79,Completed,11/27/2022,11/12/2022
4296,Laurie Figueroa,China,Laptop,332.34,Completed,6/16/2023,6/1/2023
4297,Bonnie Lucero,Canada,Laptop,687.33,Returned,NULL,10/14/2023
4298,Jeffery Mills,India,Tablet,373.69,Active,NULL,1/20/2024
4299,Jeffrey Sims,Australia,Mouse,729.57,Returned,NULL,4/11/2023
4300,Gabriel Vasquez,UK,Printer,208.6,Active,NULL,7/10/2023
4301,Candace Harris,India,Tablet,970.6,Active,NULL,5/13/2024
4302,Jessica White,Germany,Tablet,350.36,Returned,NULL,12/17/2023
4303,James Moore,China,Laptop,346.65,Active,NULL,9/17/2022
4304,Jeffery Mills,Brazil,Smartphone,380.69,Returned,NULL,6/6/2023
4305,Bonnie Lucero,Canada,Smartphone,102.52,Active,NULL,8/14/2022
4306,Brandon Richards,USA,Webcam,593.02,Returned,NULL,10/15/2022
4307,Cynthia Herman,Canada,Webcam,928.41,Returned,NULL,10/26/2022
4308,Gabriel Vasquez,India,Webcam,770.69,Returned,NULL,5/23/2023
4309,Sandra Henderson,USA,Keyboard,567.65,Returned,NULL,5/19/2024
4310,Debra Hughes,France,Laptop,680.7,Active,NULL,11/15/2022
4311,Jeffery Mills,China,Tablet,697.76,Active,NULL,7/13/2024
4312,Candace Harris,Germany,Tablet,205.52,Returned,NULL,2/9/2024
4313,Kayla Banks,China,Laptop,733.98,Returned,NULL,6/16/2023
4314,Jeffrey Rivera,Brazil,Tablet,319.67,Completed,11/28/2023,11/24/2023
4315,Gabriel Vasquez,Japan,Mouse,956.16,Active,NULL,9/17/2022
4316,Brandon Richards,Germany,Printer,307.68,Returned,NULL,4/14/2024
4317,Jessica White,France,Monitor,772.68,Returned,NULL,9/4/2022
4318,Justin Bowman,UK,Monitor,510.06,Active,NULL,5/15/2024
4319,Erin Arnold,USA,Keyboard,849.43,Active,NULL,10/24/2023
4320,James Moore,Canada,Keyboard,770.25,Completed,12/25/2022,12/23/2022
4321,Candace Harris,India,Headphones,230.32,Returned,NULL,3/9/2023
4322,Gabriel Vasquez,Germany,Monitor,347.67,Returned,NULL,6/23/2023
4323,Kevin King,China,Tablet,160.78,Active,NULL,7/18/2024
4324,Laurie Figueroa,Australia,Webcam,773.54,Completed,9/11/2022,8/22/2022
4325,Catherine Roberts,Australia,Mouse,269.21,Returned,NULL,10/16/2023
4326,Laurie Figueroa,Japan,Webcam,380.82,Completed,10/17/2023,9/29/2023
4327,Kevin King,USA,Speaker,476.66,Returned,NULL,6/8/2024
4328,Jeffrey Rivera,Japan,Smartphone,371.86,Completed,5/2/2024,4/14/2024
4329,Jeffrey Sims,Brazil,Laptop,426.95,Active,NULL,8/6/2023
4330,Kayla Banks,Germany,Laptop,345.43,Completed,5/2/2024,4/22/2024
4331,Erin Arnold,UK,Headphones,708.17,Active,NULL,12/8/2023
4332,Jeffery Mills,UK,Webcam,503.14,Returned,NULL,12/12/2023
4333,Justin Bowman,UK,Webcam,936.16,Completed,6/21/2024,6/13/2024
4334,Erin Arnold,Germany,Smartphone,591.84,Active,NULL,5/8/2024
4335,Cynthia Herman,France,Mouse,527.27,Completed,7/7/2024,7/1/2024
4336,Kayla Banks,France,Mouse,996.93,Active,NULL,8/15/2022
4337,Jeffrey Rivera,China,Tablet,271.7,Completed,11/4/2022,10/20/2022
4338,Stacey Brown,Brazil,Mouse,864.5,Completed,12/30/2022,12/26/2022
4339,Debra Hughes,USA,Monitor,353.2,Returned,NULL,8/14/2022
4340,Stacey Brown,Germany,Monitor,277.92,Active,NULL,7/18/2024
4341,Catherine Roberts,Germany,Headphones,215.6,Completed,4/10/2024,3/31/2024
4342,Jeffrey Rivera,Germany,Monitor,938.62,Completed,6/11/2023,6/1/2023
4343,Bonnie Lucero,Canada,Keyboard,235.71,Active,NULL,5/6/2023
4344,Stacey Brown,China,Headphones,795.45,Returned,NULL,5/27/2023
4345,Gabriel Vasquez,Brazil,Speaker,498.66,Active,NULL,10/11/2022
4346,Kayla Banks,USA,Laptop,736.23,Returned,NULL,2/15/2023
4347,Bonnie Lucero,UK,Speaker,691.9,Active,NULL,4/14/2024
4348,Jeffrey Rivera,Germany,Monitor,651.25,Returned,NULL,6/5/2024
4349,Stacey Brown,China,Tablet,597.71,Completed,5/7/2023,4/22/2023
4350,Justin Bowman,UK,Headphones,271.26,Completed,3/23/2023,3/15/2023
4351,Kayla Banks,Japan,Webcam,415.89,Completed,1/15/2023,12/28/2022
4352,Gabriel Vasquez,Germany,Monitor,146.79,Returned,NULL,3/17/2024
4353,Catherine Roberts,India,Keyboard,225.7,Returned,NULL,8/17/2022
4354,Candace Harris,Brazil,Headphones,268.9,Active,NULL,7/14/2023
4355,Jeffrey Rivera,USA,Tablet,430.83,Returned,NULL,5/14/2023
4356,Jessica White,Germany,Headphones,533.13,Completed,1/16/2023,1/6/2023
4357,James Moore,USA,Printer,859.49,Completed,1/21/2023,1/20/2023
4358,Laurie Figueroa,USA,Mouse,307.83,Completed,2/21/2024,2/20/2024
4359,Cynthia Herman,Japan,Monitor,291.7,Active,NULL,5/10/2023
4360,Cynthia Herman,Canada,Headphones,667.51,Active,NULL,1/27/2024
4361,Erin Arnold,Canada,Keyboard,159.86,Returned,NULL,1/31/2024
4362,Bonnie Lucero,Australia,Keyboard,249.71,Returned,NULL,11/9/2023
4363,Michelle Garrett,USA,Keyboard,781.86,Completed,10/12/2022,10/11/2022
4364,Cynthia Herman,USA,Mouse,764.71,Returned,NULL,5/17/2024
4365,Kevin King,China,Smartphone,357.91,Returned,NULL,9/6/2023
4366,Catherine Roberts,Australia,Keyboard,795.81,Active,NULL,8/28/2022
4367,Jeffrey Rivera,Brazil,Mouse,293.32,Returned,NULL,6/25/2023
4368,Brandon Richards,China,Tablet,205.74,Returned,NULL,8/22/2023
4369,Catherine Roberts,China,Tablet,834.83,Completed,11/26/2022,11/11/2022
4370,James Moore,Japan,Webcam,288.74,Completed,4/13/2023,3/26/2023
4371,James Moore,India,Webcam,155.19,Active,NULL,2/12/2023
4372,Jeffery Mills,UK,Printer,595.84,Active,NULL,10/28/2022
4373,Kevin King,Canada,Speaker,383.92,Active,NULL,11/13/2023
4374,Kevin King,Germany,Webcam,137.73,Active,NULL,3/19/2023
4375,Catherine Roberts,China,Tablet,151.78,Completed,6/9/2024,5/25/2024
4376,Kevin King,UK,Smartphone,711.11,Returned,NULL,2/2/2024
4377,Cynthia Herman,Germany,Laptop,845.19,Completed,12/30/2022,12/20/2022
4378,Kevin King,Canada,Speaker,618.08,Active,NULL,11/22/2022
4379,Gabriel Vasquez,Germany,Mouse,674.34,Active,NULL,6/30/2023
4380,Debra Hughes,China,Laptop,326.13,Completed,7/28/2023,7/13/2023
4381,Justin Bowman,France,Laptop,692.28,Completed,9/30/2023,9/24/2023
4382,Erin Arnold,Canada,Laptop,831.72,Active,NULL,11/16/2023
4383,Erin Arnold,Brazil,Smartphone,157.66,Returned,NULL,6/24/2023
4384,Michelle Garrett,India,Webcam,496.03,Active,NULL,6/9/2023
4385,Bonnie Lucero,China,Webcam,342.16,Completed,8/15/2023,7/31/2023
4386,Cynthia Herman,Brazil,Printer,218.87,Completed,7/2/2024,6/28/2024
4387,Erin Arnold,Japan,Laptop,967.25,Completed,2/17/2023,1/30/2023
4388,Catherine Roberts,Japan,Laptop,480.45,Active,NULL,6/14/2023
4389,Brandon Richards,India,Tablet,281.76,Active,NULL,2/5/2024
4390,Michelle Garrett,India,Mouse,903.05,Returned,NULL,11/25/2022
4391,Stacey Brown,Germany,Monitor,964.66,Active,NULL,12/22/2023
4392,Cynthia Herman,India,Printer,720.51,Active,NULL,10/11/2023
4393,Justin Bowman,Japan,Monitor,404.85,Returned,NULL,3/11/2023
4394,Catherine Roberts,Germany,Laptop,478.61,Returned,NULL,5/22/2023
4395,Jeffrey Sims,France,Monitor,646.45,Returned,NULL,12/22/2023
4396,James Moore,Japan,Smartphone,756.84,Returned,NULL,12/2/2023
4397,Sandra Henderson,Japan,Webcam,479.61,Returned,NULL,5/11/2024
4398,Jeffrey Sims,UK,Headphones,250.57,Completed,1/6/2024,12/29/2023
4399,Gabriel Vasquez,Brazil,Mouse,113.62,Active,NULL,3/15/2024
4400,Candace Harris,Germany,Headphones,913.04,Completed,2/5/2023,1/26/2023
4401,Brandon Richards,France,Webcam,675.81,Completed,8/30/2022,8/24/2022
4402,Gabriel Vasquez,Canada,Printer,862.03,Completed,3/18/2024,3/16/2024
4403,Michelle Garrett,Germany,Headphones,554.86,Completed,2/27/2023,2/17/2023
4404,Stacey Brown,France,Smartphone,235.72,Completed,3/17/2023,3/11/2023
4405,Brandon Richards,Australia,Monitor,685.5,Active,NULL,12/29/2022
4406,Candace Harris,Australia,Printer,861.57,Completed,4/2/2023,3/13/2023
4407,Kayla Banks,France,Monitor,330.42,Completed,11/20/2022,11/14/2022
4408,Michelle Garrett,Germany,Monitor,446.79,Returned,NULL,12/2/2023
4409,Cynthia Herman,India,Mouse,642.68,Active,NULL,8/28/2022
4410,Bonnie Lucero,USA,Headphones,164.61,Completed,1/16/2024,1/15/2024
4411,James Moore,France,Monitor,485.93,Completed,1/27/2024,1/21/2024
4412,Sandra Henderson,UK,Monitor,184.3,Completed,12/31/2023,12/23/2023
4413,Jessica White,China,Webcam,423.75,Completed,3/17/2023,3/2/2023
4414,Bonnie Lucero,Japan,Monitor,493.63,Returned,NULL,8/25/2022
4415,Laurie Figueroa,UK,Keyboard,109.54,Active,NULL,4/12/2023
4416,Jessica White,India,Tablet,992.32,Completed,5/15/2023,5/3/2023
4417,Gabriel Vasquez,Australia,Mouse,931.32,Returned,NULL,8/31/2022
4418,Bonnie Lucero,USA,Tablet,352.19,Completed,5/9/2024,5/8/2024
4419,James Moore,Brazil,Speaker,323.22,Returned,NULL,12/30/2022
4420,Sandra Henderson,France,Keyboard,892.17,Returned,NULL,2/9/2023
4421,Kayla Banks,Japan,Smartphone,716.91,Active,NULL,7/18/2023
4422,Brandon Richards,Japan,Monitor,625.24,Completed,4/23/2024,4/5/2024
4423,Debra Hughes,Canada,Mouse,398.76,Active,NULL,10/18/2023
4424,Gabriel Vasquez,Canada,Webcam,680.2,Completed,11/6/2023,11/4/2023
4425,Debra Hughes,UK,Printer,668.77,Completed,11/2/2023,10/25/2023
4426,Erin Arnold,USA,Speaker,715.35,Returned,NULL,7/30/2023
4427,Stacey Brown,China,Mouse,149.12,Completed,10/28/2023,10/13/2023
4428,Candace Harris,France,Headphones,970.45,Returned,NULL,8/14/2022
4429,Jeffrey Rivera,Canada,Headphones,435.17,Completed,4/5/2024,4/3/2024
4430,Erin Arnold,USA,Tablet,955.23,Completed,9/11/2022,9/10/2022
4431,Jessica White,USA,Laptop,705.63,Active,NULL,4/30/2024
4432,Sandra Henderson,Germany,Webcam,548.94,Completed,6/18/2024,6/8/2024
4433,Bonnie Lucero,Canada,Mouse,247.16,Active,NULL,3/23/2023
4434,Erin Arnold,Germany,Smartphone,686.05,Returned,NULL,10/9/2023
4435,Jeffrey Rivera,Australia,Webcam,210.14,Returned,NULL,3/21/2023
4436,Sandra Henderson,UK,Smartphone,125.41,Completed,5/28/2024,5/20/2024
4437,Catherine Roberts,USA,Tablet,266.6,Completed,3/12/2023,3/11/2023
4438,Catherine Roberts,Canada,Printer,333.98,Completed,9/19/2022,9/17/2022
4439,Catherine Roberts,Japan,Laptop,466.88,Returned,NULL,5/13/2023
4440,Jessica White,China,Printer,738.12,Completed,11/9/2022,10/25/2022
4441,Kevin King,USA,Webcam,436.73,Completed,6/16/2023,6/15/2023
4442,Erin Arnold,Australia,Monitor,789.82,Completed,2/3/2023,1/14/2023
4443,Candace Harris,Canada,Tablet,561.56,Returned,NULL,8/31/2023
4444,Kayla Banks,Germany,Printer,880.1,Completed,4/18/2023,4/8/2023
4445,Gabriel Vasquez,Japan,Smartphone,917.32,Returned,NULL,5/12/2023
4446,Cynthia Herman,Japan,Mouse,345.95,Returned,NULL,5/1/2024
4447,Jessica White,Australia,Mouse,466.56,Completed,12/25/2022,12/5/2022
4448,Jeffery Mills,India,Printer,491.52,Completed,2/11/2023,1/30/2023
4449,Laurie Figueroa,Japan,Speaker,489.4,Completed,9/20/2023,9/2/2023
4450,Jeffrey Sims,Japan,Headphones,782.07,Completed,8/31/2023,8/13/2023
4451,Bonnie Lucero,USA,Mouse,945.5,Returned,NULL,7/2/2023
4452,Brandon Richards,Australia,Keyboard,382.44,Returned,NULL,2/5/2023
4453,James Moore,Japan,Printer,898.74,Completed,12/12/2023,11/24/2023
4454,Brandon Richards,France,Printer,818.66,Returned,NULL,11/22/2023
4455,Laurie Figueroa,Canada,Printer,351.95,Completed,11/17/2022,11/15/2022
4456,Michelle Garrett,India,Webcam,427.81,Returned,NULL,6/7/2023
4457,James Moore,Canada,Headphones,283.96,Active,NULL,6/28/2024
4458,Jessica White,Brazil,Smartphone,463.72,Active,NULL,4/28/2023
4459,Candace Harris,UK,Speaker,923.49,Returned,NULL,7/1/2024
4460,Cynthia Herman,Australia,Smartphone,150.52,Active,NULL,11/26/2023
4461,Justin Bowman,Japan,Monitor,766.18,Returned,NULL,12/13/2023
4462,Brandon Richards,UK,Tablet,999.07,Returned,NULL,8/24/2023
4463,Kayla Banks,Germany,Headphones,277.84,Active,NULL,6/16/2024
4464,Laurie Figueroa,Brazil,Mouse,305.27,Returned,NULL,2/20/2023
4465,Michelle Garrett,Brazil,Laptop,545.36,Active,NULL,8/23/2023
4466,Kevin King,Brazil,Mouse,960.13,Returned,NULL,5/4/2023
4467,Jeffrey Sims,UK,Keyboard,135.95,Active,NULL,10/8/2023
4468,Brandon Richards,USA,Keyboard,121.1,Active,NULL,12/25/2023
4469,Jessica White,Australia,Monitor,388.35,Completed,8/1/2024,7/12/2024
4470,Justin Bowman,France,Printer,994.9,Completed,8/24/2022,8/18/2022
4471,Bonnie Lucero,USA,Laptop,197.56,Returned,NULL,10/9/2022
4472,Michelle Garrett,India,Monitor,313.32,Returned,NULL,5/9/2024
4473,Bonnie Lucero,France,Webcam,324.33,Returned,NULL,7/2/2024
4474,Bonnie Lucero,Australia,Speaker,641.51,Completed,7/12/2023,6/22/2023
4475,Kayla Banks,China,Mouse,363.71,Active,NULL,3/5/2023
4476,Gabriel Vasquez,Australia,Mouse,828.69,Completed,5/23/2024,5/3/2024
4477,Gabriel Vasquez,UK,Laptop,655.1,Completed,2/21/2023,2/13/2023
4478,Sandra Henderson,Australia,Mouse,661.34,Returned,NULL,10/19/2022
4479,Bonnie Lucero,UK,Smartphone,662.96,Returned,NULL,6/24/2024
4480,Brandon Richards,UK,Printer,620.04,Completed,8/27/2023,8/19/2023
4481,Jeffrey Sims,France,Monitor,708.99,Returned,NULL,6/23/2023
4482,Justin Bowman,UK,Mouse,343.46,Completed,8/15/2023,8/7/2023
4483,Jeffrey Rivera,Germany,Laptop,837.05,Completed,8/6/2024,7/27/2024
4484,Brandon Richards,India,Tablet,522.51,Active,NULL,1/6/2023
4485,Brandon Richards,Japan,Printer,945.84,Completed,10/30/2022,10/12/2022
4486,Jeffrey Sims,USA,Tablet,100.98,Completed,8/26/2022,8/25/2022
4487,Erin Arnold,Brazil,Mouse,406.6,Returned,NULL,6/29/2024
4488,Candace Harris,Brazil,Webcam,328.19,Active,NULL,12/28/2023
4489,Bonnie Lucero,France,Monitor,352.18,Completed,5/31/2023,5/25/2023
4490,Kayla Banks,USA,Monitor,456.22,Active,NULL,2/26/2024
4491,Gabriel Vasquez,Brazil,Printer,969.29,Active,NULL,1/17/2024
4492,Gabriel Vasquez,Japan,Printer,160.27,Returned,NULL,5/4/2023
4493,Kevin King,Canada,Mouse,226.38,Completed,1/14/2023,1/12/2023
4494,Jessica White,UK,Printer,231.97,Returned,NULL,3/20/2024
4495,Jeffrey Rivera,Germany,Monitor,464.19,Returned,NULL,6/20/2023
4496,Laurie Figueroa,Australia,Speaker,852.65,Returned,NULL,6/3/2024
4497,Laurie Figueroa,China,Speaker,429.92,Active,NULL,7/16/2023
4498,Catherine Roberts,China,Webcam,662.57,Returned,NULL,2/29/2024
4499,Jeffery Mills,Australia,Webcam,854.07,Active,NULL,9/30/2022
4500,Bonnie Lucero,Australia,Smartphone,240.53,Returned,NULL,9/13/2023
4501,Kayla Banks,France,Mouse,548.83,Active,NULL,9/20/2022
4502,Erin Arnold,Brazil,Printer,567.46,Returned,NULL,1/14/2023
4503,Gabriel Vasquez,USA,Printer,158.93,Returned,NULL,1/18/2023
4504,Erin Arnold,France,Laptop,731.79,Active,NULL,3/19/2024
4505,Bonnie Lucero,Germany,Webcam,185.42,Active,NULL,3/27/2024
4506,Catherine Roberts,UK,Mouse,281.36,Returned,NULL,2/5/2024
4507,Kayla Banks,USA,Tablet,193.64,Active,NULL,2/15/2024
4508,Erin Arnold,India,Tablet,794.02,Returned,NULL,7/20/2024
4509,Sandra Henderson,USA,Headphones,822.8,Returned,NULL,6/4/2023
4510,Stacey Brown,Brazil,Speaker,280.66,Completed,10/13/2022,10/9/2022
4511,Michelle Garrett,UK,Speaker,115.32,Completed,2/5/2024,1/28/2024
4512,Justin Bowman,Brazil,Keyboard,643.04,Completed,5/12/2023,5/8/2023
4513,Jeffery Mills,France,Keyboard,879.05,Completed,11/13/2022,11/7/2022
4514,Jeffrey Sims,USA,Speaker,834.78,Active,NULL,10/27/2023
4515,Justin Bowman,Canada,Mouse,759.07,Completed,10/27/2022,10/25/2022
4516,Brandon Richards,Japan,Headphones,714.64,Active,NULL,8/3/2023
4517,Debra Hughes,Australia,Keyboard,859.49,Active,NULL,10/27/2022
4518,Brandon Richards,Australia,Tablet,990.53,Completed,6/27/2023,6/7/2023
4519,Candace Harris,Canada,Laptop,529.34,Completed,6/7/2024,6/5/2024
4520,Jeffrey Rivera,Brazil,Printer,526.51,Active,NULL,11/30/2023
4521,Jessica White,Australia,Mouse,268.55,Returned,NULL,10/2/2023
4522,Brandon Richards,India,Webcam,210.16,Returned,NULL,7/20/2023
4523,Brandon Richards,UK,Smartphone,214.29,Completed,9/4/2022,8/27/2022
4524,Laurie Figueroa,France,Keyboard,254.24,Returned,NULL,5/15/2023
4525,Kevin King,China,Printer,733.72,Returned,NULL,11/11/2023
4526,Justin Bowman,Japan,Webcam,297.17,Completed,5/2/2024,4/14/2024
4527,Candace Harris,Brazil,Tablet,394.6,Returned,NULL,1/19/2023
4528,Bonnie Lucero,Germany,Mouse,709.78,Completed,12/12/2023,12/2/2023
4529,Jeffrey Rivera,Japan,Headphones,474.62,Active,NULL,5/5/2023
4530,Stacey Brown,Australia,Webcam,839.63,Completed,8/9/2023,7/20/2023
4531,Michelle Garrett,USA,Headphones,724.42,Completed,7/16/2023,7/15/2023
4532,Kevin King,UK,Keyboard,780.29,Completed,3/9/2023,3/1/2023
4533,Sandra Henderson,USA,Mouse,585.75,Active,NULL,6/12/2024
4534,Michelle Garrett,UK,Webcam,851.18,Active,NULL,11/1/2022
4535,Kayla Banks,UK,Mouse,837.73,Completed,8/28/2023,8/20/2023
4536,Bonnie Lucero,India,Laptop,417.19,Returned,NULL,11/11/2023
4537,Jeffery Mills,USA,Keyboard,392.88,Returned,NULL,12/17/2022
4538,Jeffrey Sims,India,Printer,389.88,Active,NULL,10/28/2022
4539,Bonnie Lucero,India,Tablet,488.11,Returned,NULL,7/18/2023
4540,Brandon Richards,China,Laptop,804.85,Returned,NULL,5/22/2024
4541,Debra Hughes,UK,Mouse,915.66,Completed,5/27/2024,5/19/2024
4542,Laurie Figueroa,France,Webcam,197.04,Completed,3/5/2023,2/27/2023
4543,Brandon Richards,Canada,Laptop,849.22,Active,NULL,4/1/2024
4544,Kevin King,Germany,Speaker,424.47,Active,NULL,10/7/2022
4545,Kevin King,USA,Headphones,720.11,Active,NULL,8/13/2023
4546,Jessica White,Australia,Monitor,332.65,Active,NULL,4/10/2023
4547,Laurie Figueroa,India,Printer,375.91,Returned,NULL,10/3/2022
4548,Jeffery Mills,Australia,Keyboard,954.65,Completed,5/17/2024,4/27/2024
4549,Candace Harris,UK,Monitor,109.5,Active,NULL,9/21/2023
4550,Brandon Richards,India,Headphones,746.9,Active,NULL,3/16/2023
4551,Laurie Figueroa,China,Printer,363.19,Active,NULL,11/5/2023
4552,Erin Arnold,USA,Tablet,771.44,Completed,4/18/2024,4/17/2024
4553,Kayla Banks,Japan,Speaker,920.63,Returned,NULL,6/18/2024
4554,Kayla Banks,USA,Smartphone,909.48,Returned,NULL,8/20/2022
4555,Cynthia Herman,Germany,Tablet,208.71,Active,NULL,10/8/2022
4556,Jeffery Mills,Australia,Monitor,519.27,Returned,NULL,12/18/2023
4557,Candace Harris,France,Keyboard,237.59,Completed,2/14/2023,2/8/2023
4558,Kayla Banks,Australia,Mouse,456.66,Active,NULL,1/6/2023
4559,Jessica White,Germany,Laptop,753.92,Active,NULL,1/23/2024
4560,Bonnie Lucero,Japan,Monitor,913.63,Active,NULL,9/25/2023
4561,Jeffrey Sims,France,Smartphone,769.24,Completed,3/20/2024,3/14/2024
4562,Sandra Henderson,Japan,Speaker,686.11,Returned,NULL,11/12/2022
4563,Brandon Richards,China,Keyboard,125.18,Returned,NULL,9/13/2022
4564,Kayla Banks,France,Headphones,118.49,Active,NULL,5/21/2023
4565,Bonnie Lucero,Brazil,Laptop,733.34,Returned,NULL,1/14/2023
4566,Jeffrey Sims,China,Tablet,110.15,Returned,NULL,1/2/2024
4567,Catherine Roberts,India,Monitor,566.47,Completed,3/27/2024,3/15/2024
4568,Gabriel Vasquez,Canada,Keyboard,224.22,Completed,4/5/2024,4/3/2024
4569,Candace Harris,India,Printer,873.65,Completed,12/27/2022,12/15/2022
4570,Debra Hughes,USA,Headphones,502.26,Completed,6/30/2023,6/29/2023
4571,Debra Hughes,Australia,Tablet,594.88,Completed,4/30/2024,4/10/2024
4572,Jeffery Mills,UK,Printer,677.98,Completed,1/10/2023,1/2/2023
4573,Jeffrey Rivera,USA,Smartphone,377.04,Active,NULL,12/26/2023
4574,Catherine Roberts,UK,Smartphone,975.61,Active,NULL,10/2/2022
4575,Justin Bowman,Brazil,Monitor,639.99,Completed,7/12/2023,7/8/2023
4576,Jeffrey Sims,Australia,Mouse,282.14,Active,NULL,1/31/2024
4577,Stacey Brown,Australia,Printer,319.9,Returned,NULL,1/25/2023
4578,Erin Arnold,Australia,Laptop,132.81,Completed,6/4/2023,5/15/2023
4579,Erin Arnold,China,Keyboard,578.84,Active,NULL,7/9/2024
4580,James Moore,UK,Tablet,196.06,Returned,NULL,1/6/2023
4581,Stacey Brown,Australia,Mouse,365.14,Returned,NULL,12/26/2023
4582,Jeffrey Rivera,France,Monitor,120.88,Active,NULL,6/26/2024
4583,Justin Bowman,Australia,Tablet,843.83,Active,NULL,1/5/2024
4584,Jeffery Mills,India,Laptop,894.41,Completed,7/31/2024,7/19/2024
4585,Bonnie Lucero,Brazil,Laptop,596.05,Completed,7/8/2024,7/4/2024
4586,Sandra Henderson,USA,Speaker,107.33,Returned,NULL,5/18/2024
4587,Kayla Banks,China,Webcam,446.59,Active,NULL,10/16/2022
4588,Erin Arnold,Brazil,Smartphone,199.8,Completed,7/2/2024,6/28/2024
4589,Candace Harris,China,Keyboard,930.34,Completed,6/24/2023,6/9/2023
4590,Sandra Henderson,France,Speaker,785.15,Completed,3/27/2023,3/21/2023
4591,Debra Hughes,Germany,Monitor,694.22,Completed,3/16/2024,3/6/2024
4592,Jeffrey Sims,Australia,Headphones,645.02,Returned,NULL,3/1/2023
4593,Jeffrey Rivera,Australia,Keyboard,469.61,Completed,7/14/2024,6/24/2024
4594,Catherine Roberts,Australia,Printer,934.05,Returned,NULL,11/2/2022
4595,Cynthia Herman,UK,Laptop,309.99,Active,NULL,1/9/2024
4596,Kayla Banks,China,Mouse,664.96,Active,NULL,3/31/2023
4597,Jeffrey Sims,India,Tablet,736.47,Active,NULL,3/26/2024
4598,Jeffery Mills,Canada,Webcam,739.3,Active,NULL,10/16/2023
4599,Justin Bowman,Brazil,Keyboard,344.8,Active,NULL,5/31/2024
4600,Catherine Roberts,Canada,Tablet,408.76,Returned,NULL,1/4/2024
4601,Kevin King,USA,Monitor,789.4,Completed,2/27/2024,2/26/2024
4602,Jeffrey Sims,China,Speaker,100.65,Active,NULL,1/7/2024
4603,Debra Hughes,France,Mouse,338.73,Completed,10/7/2023,10/1/2023
4604,Brandon Richards,Japan,Laptop,931.34,Returned,NULL,8/9/2022
4605,Sandra Henderson,France,Laptop,675.93,Returned,NULL,9/3/2022
4606,Candace Harris,USA,Tablet,168.03,Completed,12/18/2022,12/17/2022
4607,Kayla Banks,Japan,Headphones,798.73,Completed,6/4/2023,5/17/2023
4608,Sandra Henderson,Japan,Keyboard,308.1,Completed,4/7/2024,3/20/2024
4609,Cynthia Herman,Japan,Speaker,827.75,Completed,4/11/2024,3/24/2024
4610,Brandon Richards,Japan,Keyboard,159.43,Completed,1/7/2023,12/20/2022
4611,Michelle Garrett,China,Printer,747.68,Active,NULL,1/30/2024
4612,Laurie Figueroa,India,Smartphone,222.41,Completed,12/18/2023,12/6/2023
4613,Erin Arnold,China,Speaker,174.31,Completed,1/25/2023,1/10/2023
4614,Catherine Roberts,Canada,Monitor,335.29,Completed,11/4/2022,11/2/2022
4615,Jeffrey Rivera,France,Speaker,310.69,Returned,NULL,4/21/2024
4616,Debra Hughes,China,Monitor,157.47,Completed,3/9/2024,2/23/2024
4617,Kevin King,Brazil,Monitor,747.81,Active,NULL,11/11/2022
4618,Bonnie Lucero,UK,Speaker,491.75,Completed,4/27/2024,4/19/2024
4619,Jeffery Mills,France,Headphones,133.25,Returned,NULL,12/8/2023
4620,Jeffrey Sims,Japan,Smartphone,894.67,Completed,3/1/2024,2/12/2024
4621,Candace Harris,India,Keyboard,669.29,Active,NULL,12/22/2023
4622,Erin Arnold,Japan,Tablet,914.32,Returned,NULL,3/16/2023
4623,Brandon Richards,Brazil,Smartphone,940.22,Returned,NULL,10/16/2022
4624,Gabriel Vasquez,Australia,Printer,878.68,Active,NULL,12/3/2022
4625,Sandra Henderson,Germany,Printer,536.17,Active,NULL,6/6/2024
4626,Kayla Banks,Brazil,Printer,312.24,Completed,10/3/2023,9/29/2023
4627,Gabriel Vasquez,China,Laptop,737.78,Returned,NULL,5/20/2024
4628,Erin Arnold,India,Smartphone,975.81,Active,NULL,11/2/2022
4629,Sandra Henderson,Germany,Tablet,642.71,Completed,4/7/2024,3/28/2024
4630,Erin Arnold,Canada,Tablet,408.34,Completed,3/15/2023,3/13/2023
4631,Brandon Richards,Japan,Webcam,389.42,Active,NULL,7/4/2024
4632,Kayla Banks,Canada,Webcam,136.67,Completed,6/14/2024,6/12/2024
4633,Jessica White,China,Mouse,640.15,Active,NULL,11/5/2023
4634,Jeffrey Rivera,Australia,Mouse,834.13,Completed,3/1/2023,2/9/2023
4635,Erin Arnold,Germany,Tablet,822.14,Active,NULL,10/16/2023
4636,Jeffery Mills,India,Mouse,267.57,Active,NULL,1/19/2024
4637,Michelle Garrett,Canada,Keyboard,983.36,Returned,NULL,1/27/2023
4638,Catherine Roberts,UK,Speaker,183.85,Completed,6/19/2023,6/11/2023
4639,Jeffrey Sims,Germany,Speaker,797.71,Returned,NULL,6/27/2024
4640,Michelle Garrett,Brazil,Printer,941.32,Active,NULL,10/15/2022
4641,James Moore,USA,Keyboard,286.09,Completed,8/6/2023,8/5/2023
4642,Candace Harris,China,Speaker,586.37,Active,NULL,12/18/2023
4643,Kayla Banks,Germany,Webcam,757.96,Completed,3/16/2023,3/6/2023
4644,James Moore,Brazil,Smartphone,157.39,Active,NULL,12/14/2023
4645,Cynthia Herman,India,Printer,778.59,Completed,11/24/2022,11/12/2022
4646,Jessica White,Brazil,Smartphone,740.02,Completed,3/25/2023,3/21/2023
4647,Jeffrey Sims,Canada,Headphones,458.47,Completed,12/9/2022,12/7/2022
4648,Debra Hughes,Brazil,Mouse,647.47,Completed,5/7/2023,5/3/2023
4649,James Moore,Australia,Mouse,972.15,Active,NULL,11/30/2022
4650,Gabriel Vasquez,China,Webcam,510.07,Completed,2/1/2023,1/17/2023
4651,Sandra Henderson,USA,Laptop,971.39,Active,NULL,11/21/2023
4652,Debra Hughes,Brazil,Laptop,404.34,Returned,NULL,6/27/2023
4653,Catherine Roberts,Brazil,Tablet,700.69,Active,NULL,8/1/2024
4654,Gabriel Vasquez,China,Webcam,820.56,Completed,7/7/2024,6/22/2024
4655,Jeffrey Rivera,India,Tablet,537.04,Completed,9/9/2023,8/28/2023
4656,Jessica White,Brazil,Headphones,477.97,Completed,6/23/2023,6/19/2023
4657,Catherine Roberts,Australia,Laptop,599.11,Active,NULL,1/6/2024
4658,Bonnie Lucero,Germany,Headphones,538.67,Returned,NULL,1/3/2024
4659,Stacey Brown,Japan,Printer,164.3,Completed,7/10/2024,6/22/2024
4660,Candace Harris,China,Tablet,104.11,Completed,9/24/2023,9/9/2023
4661,Jessica White,France,Keyboard,586.92,Returned,NULL,6/28/2024
4662,Jeffrey Rivera,China,Laptop,729.11,Returned,NULL,4/3/2024
4663,Jeffrey Sims,Brazil,Mouse,783.4,Completed,9/18/2023,9/14/2023
4664,Cynthia Herman,USA,Printer,436.72,Completed,9/18/2022,9/17/2022
4665,Jessica White,France,Tablet,546.37,Completed,1/20/2023,1/14/2023
4666,Bonnie Lucero,Japan,Tablet,377.78,Completed,4/21/2024,4/3/2024
4667,Debra Hughes,Japan,Headphones,890.34,Completed,7/26/2024,7/8/2024
4668,Michelle Garrett,Germany,Laptop,673.04,Completed,12/23/2022,12/13/2022
4669,Brandon Richards,UK,Mouse,117.24,Completed,3/24/2024,3/16/2024
4670,Brandon Richards,France,Mouse,455.74,Completed,12/20/2023,12/14/2023
4671,Catherine Roberts,China,Tablet,296.02,Completed,8/29/2022,8/14/2022
4672,Catherine Roberts,UK,Keyboard,315.72,Active,NULL,11/15/2023
4673,Gabriel Vasquez,Australia,Smartphone,116.88,Returned,NULL,12/23/2023
4674,Cynthia Herman,China,Mouse,614.17,Active,NULL,3/22/2024
4675,Cynthia Herman,USA,Keyboard,107.09,Returned,NULL,3/18/2023
4676,Justin Bowman,Canada,Mouse,418.45,Active,NULL,10/21/2023
4677,Bonnie Lucero,Germany,Keyboard,627.59,Active,NULL,11/28/2022
4678,Jeffrey Sims,Australia,Keyboard,508.56,Returned,NULL,2/13/2024
4679,Jeffrey Rivera,USA,Laptop,120.79,Returned,NULL,6/25/2024
4680,Kevin King,France,Printer,940.61,Active,NULL,3/25/2024
4681,Jeffery Mills,Australia,Keyboard,177.72,Completed,10/12/2023,9/22/2023
4682,Jeffery Mills,Japan,Webcam,803.12,Returned,NULL,1/17/2024
4683,Kevin King,China,Speaker,633.33,Active,NULL,11/12/2023
4684,Jessica White,UK,Headphones,152.69,Active,NULL,1/17/2023
4685,Sandra Henderson,Canada,Laptop,451.57,Completed,11/21/2023,11/19/2023
4686,Bonnie Lucero,Canada,Monitor,429.92,Returned,NULL,7/1/2023
4687,Justin Bowman,Japan,Keyboard,793.51,Completed,1/1/2023,12/14/2022
4688,Kevin King,USA,Mouse,598.48,Active,NULL,7/28/2024
4689,Gabriel Vasquez,UK,Smartphone,826.33,Returned,NULL,2/13/2023
4690,Stacey Brown,Germany,Keyboard,566.95,Completed,5/28/2024,5/18/2024
4691,Brandon Richards,China,Tablet,530.93,Active,NULL,5/29/2023
4692,Stacey Brown,India,Headphones,443.85,Active,NULL,7/12/2023
4693,Brandon Richards,USA,Tablet,600.17,Completed,9/9/2022,9/8/2022
4694,Cynthia Herman,Australia,Webcam,483.12,Completed,5/30/2024,5/10/2024
4695,Laurie Figueroa,Brazil,Headphones,768.68,Returned,NULL,4/9/2024
4696,Jeffery Mills,Canada,Mouse,196.27,Returned,NULL,5/17/2024
4697,Jessica White,France,Mouse,403.65,Completed,5/2/2023,4/26/2023
4698,James Moore,Brazil,Laptop,512.92,Active,NULL,7/29/2023
4699,Erin Arnold,UK,Laptop,387.45,Active,NULL,4/22/2024
4700,Jeffery Mills,Germany,Smartphone,249.19,Completed,1/23/2023,1/13/2023
4701,Kevin King,UK,Tablet,746.69,Returned,NULL,9/3/2022
4702,Candace Harris,Germany,Keyboard,666.51,Completed,11/27/2023,11/17/2023
4703,Sandra Henderson,Australia,Keyboard,432.68,Returned,NULL,2/8/2024
4704,James Moore,China,Tablet,107.29,Active,NULL,4/11/2024
4705,James Moore,USA,Webcam,320.1,Returned,NULL,2/23/2023
4706,Jeffrey Sims,China,Laptop,856.82,Completed,3/8/2024,2/22/2024
4707,Jeffrey Sims,India,Mouse,451.08,Returned,NULL,7/29/2023
4708,Brandon Richards,Australia,Monitor,117.34,Active,NULL,4/28/2024
4709,Jessica White,Brazil,Speaker,795.2,Completed,1/17/2024,1/13/2024
4710,Jeffrey Sims,Japan,Headphones,419.09,Returned,NULL,6/13/2023
4711,Laurie Figueroa,Germany,Laptop,920.58,Returned,NULL,10/1/2022
4712,Laurie Figueroa,Canada,Tablet,376.53,Completed,8/3/2024,8/1/2024
4713,Debra Hughes,UK,Laptop,126.81,Returned,NULL,11/21/2023
4714,Gabriel Vasquez,Brazil,Laptop,194.42,Returned,NULL,12/19/2023
4715,Stacey Brown,UK,Smartphone,346.59,Returned,NULL,11/17/2022
4716,Stacey Brown,India,Speaker,137.24,Completed,11/17/2023,11/5/2023
4717,Stacey Brown,Brazil,Printer,426.54,Active,NULL,2/6/2024
4718,Jessica White,USA,Mouse,147.26,Active,NULL,7/14/2023
4719,Sandra Henderson,Canada,Headphones,204.31,Completed,8/7/2023,8/5/2023
4720,Gabriel Vasquez,USA,Printer,642.14,Completed,4/27/2024,4/26/2024
4721,Candace Harris,Australia,Tablet,980.47,Completed,1/2/2023,12/13/2022
4722,Kayla Banks,Brazil,Mouse,387.25,Active,NULL,2/16/2024
4723,Brandon Richards,France,Keyboard,213.95,Active,NULL,11/7/2022
4724,Bonnie Lucero,France,Speaker,104.56,Completed,6/21/2024,6/15/2024
4725,Brandon Richards,Canada,Laptop,860.26,Completed,1/5/2023,1/3/2023
4726,James Moore,India,Speaker,133.72,Completed,4/3/2024,3/22/2024
4727,Catherine Roberts,Brazil,Smartphone,826.61,Returned,NULL,9/2/2022
4728,Sandra Henderson,China,Mouse,217.26,Active,NULL,2/12/2023
4729,Sandra Henderson,India,Tablet,654.51,Completed,7/30/2024,7/18/2024
4730,Brandon Richards,France,Speaker,773.04,Active,NULL,6/16/2023
4731,Michelle Garrett,Canada,Laptop,915.6,Active,NULL,6/20/2023
4732,Michelle Garrett,Australia,Monitor,124.28,Returned,NULL,8/25/2023
4733,Cynthia Herman,USA,Monitor,975.66,Active,NULL,12/6/2023
4734,Debra Hughes,Brazil,Keyboard,835.29,Returned,NULL,6/17/2023
4735,Jessica White,Germany,Tablet,253.39,Active,NULL,11/6/2022
4736,Erin Arnold,Brazil,Smartphone,666.42,Active,NULL,6/17/2023
4737,Sandra Henderson,UK,Laptop,779.59,Active,NULL,8/23/2023
4738,Jeffery Mills,France,Tablet,899.26,Returned,NULL,2/3/2024
4739,Jeffery Mills,France,Webcam,524.67,Completed,1/15/2023,1/9/2023
4740,Erin Arnold,USA,Headphones,769.55,Returned,NULL,7/26/2024
4741,Jeffrey Rivera,Germany,Keyboard,499.38,Completed,5/10/2023,4/30/2023
4742,Sandra Henderson,Brazil,Keyboard,298.93,Active,NULL,6/6/2023
4743,Jeffrey Sims,Germany,Printer,164.99,Completed,12/11/2023,12/1/2023
4744,Gabriel Vasquez,Brazil,Webcam,136.61,Completed,1/12/2023,1/8/2023
4745,Gabriel Vasquez,Canada,Printer,726.66,Active,NULL,6/8/2023
4746,Jeffrey Sims,Brazil,Keyboard,592.98,Active,NULL,3/11/2023
4747,Catherine Roberts,India,Headphones,990.97,Returned,NULL,9/13/2022
4748,Catherine Roberts,Japan,Mouse,518.21,Returned,NULL,4/24/2023
4749,James Moore,Australia,Headphones,343.17,Active,NULL,9/16/2022
4750,Michelle Garrett,Canada,Mouse,386.68,Completed,9/29/2023,9/27/2023
4751,Cynthia Herman,India,Headphones,290.6,Active,NULL,1/13/2024
4752,Brandon Richards,Australia,Speaker,620.22,Returned,NULL,12/8/2023
4753,Debra Hughes,Germany,Speaker,617.84,Active,NULL,1/4/2024
4754,Kevin King,USA,Tablet,746.09,Completed,11/15/2022,11/14/2022
4755,Erin Arnold,Australia,Laptop,869.1,Active,NULL,5/9/2024
4756,Jeffrey Rivera,China,Smartphone,282.39,Returned,NULL,7/4/2023
4757,Sandra Henderson,Germany,Mouse,841.89,Completed,12/27/2023,12/17/2023
4758,Kayla Banks,China,Tablet,939.75,Completed,9/18/2023,9/3/2023
4759,Laurie Figueroa,USA,Printer,887.08,Completed,5/28/2023,5/27/2023
4760,Stacey Brown,UK,Keyboard,837.13,Completed,1/29/2024,1/21/2024
4761,Michelle Garrett,France,Smartphone,848.06,Completed,6/21/2024,6/15/2024
4762,Jeffrey Sims,USA,Speaker,708.35,Completed,3/7/2023,3/6/2023
4763,Kayla Banks,USA,Headphones,350.26,Completed,7/16/2024,7/15/2024
4764,Gabriel Vasquez,Australia,Speaker,687.44,Completed,10/8/2023,9/18/2023
4765,Cynthia Herman,Brazil,Webcam,118.1,Active,NULL,1/19/2023
4766,Cynthia Herman,Australia,Smartphone,173.39,Returned,NULL,3/24/2024
4767,Jeffrey Rivera,India,Printer,653.91,Returned,NULL,1/19/2023
4768,Cynthia Herman,USA,Speaker,448.12,Active,NULL,1/1/2024
4769,James Moore,Australia,Keyboard,231.95,Returned,NULL,6/11/2023
4770,Cynthia Herman,Brazil,Printer,611.54,Active,NULL,3/12/2024
4771,Laurie Figueroa,Canada,Keyboard,639.96,Active,NULL,9/27/2022
4772,Candace Harris,India,Speaker,331.83,Completed,6/7/2023,5/26/2023
4773,Jeffrey Sims,Japan,Laptop,203.94,Active,NULL,4/8/2024
4774,Bonnie Lucero,Japan,Tablet,569.76,Active,NULL,7/13/2024
4775,Erin Arnold,UK,Speaker,846.94,Active,NULL,6/30/2024
4776,Cynthia Herman,Japan,Tablet,991.73,Active,NULL,7/15/2023
4777,Sandra Henderson,China,Monitor,398.7,Active,NULL,7/26/2023
4778,Brandon Richards,USA,Mouse,338.13,Completed,12/6/2023,12/5/2023
4779,Justin Bowman,Canada,Keyboard,559.16,Completed,11/5/2023,11/3/2023
4780,Justin Bowman,Germany,Printer,299.12,Completed,9/6/2023,8/27/2023
4781,Gabriel Vasquez,Japan,Mouse,660.52,Completed,2/1/2024,1/14/2024
4782,Sandra Henderson,UK,Speaker,458.65,Completed,1/4/2024,12/27/2023
4783,Laurie Figueroa,UK,Speaker,828.96,Returned,NULL,8/16/2023
4784,Bonnie Lucero,France,Tablet,740.44,Completed,7/5/2024,6/29/2024
4785,Catherine Roberts,Brazil,Laptop,553.12,Returned,NULL,2/11/2024
4786,Michelle Garrett,USA,Keyboard,171.81,Completed,8/18/2023,8/17/2023
4787,Gabriel Vasquez,Japan,Speaker,437.14,Returned,NULL,8/14/2023
4788,Jeffrey Sims,Japan,Smartphone,289.67,Completed,3/12/2024,2/23/2024
4789,Catherine Roberts,Australia,Webcam,401.15,Completed,12/20/2023,11/30/2023
4790,Debra Hughes,Japan,Printer,987.46,Completed,10/14/2022,9/26/2022
4791,Candace Harris,France,Headphones,593.37,Completed,2/22/2024,2/16/2024
4792,Bonnie Lucero,Australia,Webcam,466.77,Completed,3/24/2024,3/4/2024
4793,Debra Hughes,Japan,Tablet,881.54,Completed,2/9/2024,1/22/2024
4794,Stacey Brown,India,Printer,595.17,Completed,7/6/2024,6/24/2024
4795,Bonnie Lucero,Australia,Monitor,329.97,Completed,7/12/2023,6/22/2023
4796,Justin Bowman,Japan,Printer,756.42,Active,NULL,4/27/2024
4797,Kayla Banks,Japan,Headphones,946.91,Active,NULL,9/26/2023
4798,Catherine Roberts,Australia,Headphones,695.13,Returned,NULL,7/11/2023
4799,Kayla Banks,Brazil,Printer,690.78,Returned,NULL,11/7/2022
4800,Jessica White,India,Laptop,455.68,Active,NULL,12/8/2023
4801,Debra Hughes,USA,Speaker,662.52,Active,NULL,1/21/2024
4802,Jessica White,France,Laptop,546.74,Completed,1/14/2024,1/8/2024
4803,Bonnie Lucero,Germany,Printer,916.11,Completed,3/24/2023,3/14/2023
4804,Michelle Garrett,UK,Webcam,167.87,Active,NULL,5/31/2024
4805,Gabriel Vasquez,India,Monitor,802.34,Active,NULL,8/1/2024
4806,Kayla Banks,Brazil,Smartphone,530.63,Completed,5/19/2023,5/15/2023
4807,Kayla Banks,France,Laptop,336.56,Completed,4/9/2024,4/3/2024
4808,Cynthia Herman,Brazil,Printer,131.71,Active,NULL,9/5/2022
4809,Justin Bowman,Germany,Headphones,783.89,Active,NULL,5/28/2023
4810,Candace Harris,USA,Smartphone,686.8,Completed,2/24/2023,2/23/2023
4811,Brandon Richards,USA,Smartphone,320.48,Completed,7/7/2024,7/6/2024
4812,Laurie Figueroa,UK,Monitor,438.02,Returned,NULL,1/21/2023
4813,Catherine Roberts,India,Monitor,700.58,Active,NULL,9/9/2023
4814,Bonnie Lucero,Brazil,Mouse,636.51,Completed,4/3/2023,3/30/2023
4815,Jeffery Mills,France,Headphones,899.97,Completed,2/24/2024,2/18/2024
4816,Cynthia Herman,Brazil,Mouse,204.01,Active,NULL,5/8/2024
4817,Michelle Garrett,France,Keyboard,531.82,Completed,1/24/2024,1/18/2024
4818,Sandra Henderson,France,Laptop,941.18,Returned,NULL,5/31/2024
4819,Stacey Brown,Germany,Smartphone,189.64,Returned,NULL,2/11/2024
4820,Stacey Brown,USA,Smartphone,386.19,Completed,8/29/2023,8/28/2023
4821,Candace Harris,Japan,Smartphone,688,Completed,1/22/2023,1/4/2023
4822,Cynthia Herman,Japan,Monitor,512.71,Returned,NULL,11/20/2023
4823,Sandra Henderson,France,Smartphone,189.53,Completed,3/18/2024,3/12/2024
4824,Sandra Henderson,USA,Laptop,932.46,Active,NULL,9/7/2022
4825,Cynthia Herman,France,Webcam,784.05,Returned,NULL,5/8/2023
4826,Catherine Roberts,China,Mouse,923.22,Active,NULL,6/29/2023
4827,Erin Arnold,China,Speaker,109.47,Completed,7/3/2024,6/18/2024
4828,Kayla Banks,India,Keyboard,415.97,Completed,10/13/2023,10/1/2023
4829,Catherine Roberts,Canada,Printer,542.12,Returned,NULL,4/8/2023
4830,Kayla Banks,USA,Printer,226.25,Returned,NULL,7/11/2023
4831,Michelle Garrett,Canada,Webcam,399.52,Active,NULL,3/12/2024
4832,Cynthia Herman,Germany,Headphones,742.93,Active,NULL,6/1/2024
4833,Justin Bowman,Australia,Keyboard,802.21,Completed,12/24/2022,12/4/2022
4834,Michelle Garrett,China,Mouse,842.38,Returned,NULL,2/20/2023
4835,Cynthia Herman,India,Webcam,297.95,Active,NULL,3/3/2023
4836,Candace Harris,Japan,Monitor,827.42,Completed,10/24/2022,10/6/2022
4837,Laurie Figueroa,Canada,Monitor,425.62,Returned,NULL,11/6/2023
4838,Michelle Garrett,China,Tablet,330.45,Returned,NULL,10/24/2022
4839,James Moore,France,Keyboard,354.14,Completed,8/7/2024,8/1/2024
4840,Sandra Henderson,Canada,Webcam,484.5,Active,NULL,5/10/2024
4841,Candace Harris,China,Laptop,575.2,Active,NULL,7/14/2024
4842,Laurie Figueroa,UK,Laptop,660.25,Active,NULL,10/5/2022
4843,Justin Bowman,France,Tablet,597.54,Returned,NULL,6/7/2023
4844,Justin Bowman,France,Printer,159.7,Returned,NULL,6/20/2023
4845,James Moore,USA,Webcam,881.89,Completed,5/13/2024,5/12/2024
4846,Sandra Henderson,UK,Tablet,424.87,Returned,NULL,12/20/2022
4847,Catherine Roberts,Canada,Monitor,293.1,Returned,NULL,9/27/2022
4848,Laurie Figueroa,USA,Keyboard,732.97,Active,NULL,10/13/2022
4849,Justin Bowman,France,Monitor,717.8,Returned,NULL,10/16/2022
4850,Justin Bowman,Brazil,Smartphone,769.98,Returned,NULL,2/28/2023
4851,Laurie Figueroa,Japan,Speaker,913.18,Active,NULL,11/24/2023
4852,Kevin King,Canada,Keyboard,720.2,Completed,4/16/2023,4/14/2023
4853,Jeffrey Sims,UK,Headphones,792.36,Active,NULL,8/29/2022
4854,Bonnie Lucero,USA,Headphones,181.04,Completed,9/24/2022,9/23/2022
4855,Jeffery Mills,USA,Webcam,609.55,Active,NULL,12/4/2022
4856,Jessica White,India,Smartphone,139.11,Completed,11/22/2023,11/10/2023
4857,Kayla Banks,Japan,Monitor,898.53,Completed,1/25/2024,1/7/2024
4858,Kevin King,Japan,Laptop,353.5,Returned,NULL,8/19/2023
4859,James Moore,Brazil,Mouse,686.34,Completed,4/3/2023,3/30/2023
4860,Jeffery Mills,Germany,Speaker,700.59,Active,NULL,5/18/2024
4861,Cynthia Herman,France,Tablet,618.3,Active,NULL,9/10/2022
4862,Candace Harris,China,Keyboard,407.89,Returned,NULL,11/30/2023
4863,Sandra Henderson,Germany,Mouse,769.76,Returned,NULL,11/5/2022
4864,Kevin King,Brazil,Keyboard,195.73,Completed,2/7/2023,2/3/2023
4865,Brandon Richards,Australia,Speaker,602.42,Completed,10/24/2022,10/4/2022
4866,Debra Hughes,Germany,Printer,213.85,Completed,2/23/2024,2/13/2024
4867,Jeffrey Rivera,Brazil,Keyboard,856.28,Active,NULL,6/6/2024
4868,Erin Arnold,UK,Speaker,554.46,Active,NULL,3/24/2024
4869,Debra Hughes,UK,Webcam,403.22,Completed,3/17/2023,3/9/2023
4870,Debra Hughes,Germany,Speaker,229.3,Completed,5/24/2024,5/14/2024
4871,Bonnie Lucero,Canada,Headphones,118.9,Completed,11/18/2022,11/16/2022
4872,Candace Harris,Brazil,Keyboard,410.9,Active,NULL,3/21/2023
4873,Michelle Garrett,USA,Speaker,460.21,Completed,3/8/2024,3/7/2024
4874,Gabriel Vasquez,France,Smartphone,322.72,Returned,NULL,4/15/2023
4875,Jeffrey Sims,France,Monitor,313.6,Active,NULL,5/24/2024
4876,Jeffrey Sims,France,Headphones,757.95,Returned,NULL,7/8/2023
4877,Justin Bowman,Australia,Mouse,514.59,Returned,NULL,6/13/2023
4878,Stacey Brown,India,Keyboard,304.49,Completed,5/20/2023,5/8/2023
4879,Gabriel Vasquez,Japan,Keyboard,790.49,Completed,11/10/2022,10/23/2022
4880,Stacey Brown,UK,Webcam,729.11,Returned,NULL,11/25/2023
4881,Jessica White,Australia,Monitor,484.84,Completed,3/1/2024,2/10/2024
4882,Cynthia Herman,Australia,Speaker,707.83,Active,NULL,2/11/2024
4883,Bonnie Lucero,USA,Headphones,154.22,Completed,4/4/2024,4/3/2024
4884,Kevin King,Australia,Laptop,229.48,Active,NULL,4/6/2024
4885,Catherine Roberts,Japan,Monitor,254.93,Completed,2/7/2023,1/20/2023
4886,Jeffery Mills,Canada,Mouse,722.55,Completed,4/27/2023,4/25/2023
4887,Jeffrey Rivera,Brazil,Monitor,461.37,Active,NULL,3/29/2023
4888,Laurie Figueroa,Germany,Monitor,199.19,Completed,9/5/2023,8/26/2023
4889,Jeffery Mills,Australia,Mouse,527.79,Active,NULL,3/20/2023
4890,Laurie Figueroa,Canada,Printer,543.73,Completed,8/26/2023,8/24/2023
4891,Kevin King,China,Tablet,474.68,Completed,10/31/2023,10/16/2023
4892,Jeffrey Rivera,Germany,Smartphone,981.6,Completed,9/3/2023,8/24/2023
4893,Sandra Henderson,USA,Headphones,905.65,Returned,NULL,3/31/2024
4894,Michelle Garrett,UK,Laptop,122.9,Completed,6/8/2024,5/31/2024
4895,Candace Harris,UK,Monitor,356.78,Returned,NULL,6/6/2023
4896,Cynthia Herman,USA,Smartphone,208.39,Completed,9/27/2023,9/26/2023
4897,Jeffery Mills,Canada,Speaker,457.23,Active,NULL,12/8/2023
4898,Jeffrey Rivera,Australia,Smartphone,238.46,Completed,9/5/2022,8/16/2022
4899,Laurie Figueroa,Brazil,Laptop,391.31,Completed,3/12/2024,3/8/2024
4900,Jeffrey Sims,UK,Monitor,747.46,Completed,12/30/2023,12/22/2023
4901,James Moore,France,Headphones,346.88,Completed,5/9/2024,5/3/2024
4902,Michelle Garrett,Canada,Laptop,574.9,Active,NULL,1/26/2024
4903,Laurie Figueroa,China,Monitor,237.86,Returned,NULL,1/18/2023
4904,Kayla Banks,USA,Monitor,128.97,Returned,NULL,1/17/2023
4905,Kevin King,Japan,Smartphone,864,Completed,7/30/2023,7/12/2023
4906,Michelle Garrett,Japan,Monitor,991.1,Completed,5/25/2024,5/7/2024
4907,Jeffery Mills,Australia,Smartphone,413.59,Active,NULL,1/28/2023
4908,Sandra Henderson,Brazil,Monitor,657.43,Completed,4/14/2024,4/10/2024
4909,Gabriel Vasquez,India,Webcam,859.22,Completed,8/11/2024,7/30/2024
4910,Catherine Roberts,Australia,Printer,657.98,Active,NULL,11/20/2023
4911,Debra Hughes,China,Headphones,580.73,Returned,NULL,1/30/2023
4912,Brandon Richards,USA,Speaker,641.79,Completed,3/29/2024,3/28/2024
4913,James Moore,Japan,Laptop,901.2,Returned,NULL,12/17/2023
4914,Laurie Figueroa,France,Monitor,367.18,Returned,NULL,8/8/2023
4915,Laurie Figueroa,Germany,Speaker,104.97,Completed,11/6/2022,10/27/2022
4916,Gabriel Vasquez,UK,Speaker,526.23,Completed,7/15/2024,7/7/2024
4917,Justin Bowman,Germany,Mouse,818.91,Returned,NULL,5/27/2023
4918,Catherine Roberts,USA,Laptop,559.01,Completed,12/31/2022,12/30/2022
4919,Justin Bowman,USA,Keyboard,397.72,Active,NULL,5/25/2024
4920,Sandra Henderson,India,Speaker,978.33,Returned,NULL,9/23/2023
4921,Kayla Banks,UK,Speaker,896.34,Returned,NULL,8/17/2022
4922,Brandon Richards,France,Smartphone,462.54,Active,NULL,10/28/2023
4923,Debra Hughes,Canada,Keyboard,970.78,Active,NULL,6/1/2023
4924,Catherine Roberts,Brazil,Laptop,501.29,Active,NULL,12/1/2022
4925,Justin Bowman,Australia,Tablet,758.47,Returned,NULL,8/23/2022
4926,Stacey Brown,Brazil,Monitor,918.66,Completed,5/17/2024,5/13/2024
4927,Jeffery Mills,Australia,Speaker,647.62,Active,NULL,11/23/2023
4928,Jeffery Mills,France,Speaker,726.65,Completed,7/7/2023,7/1/2023
4929,Debra Hughes,Germany,Keyboard,244.54,Returned,NULL,9/19/2022
4930,Candace Harris,Japan,Speaker,783.42,Returned,NULL,2/2/2024
4931,Jeffrey Sims,Japan,Speaker,724.49,Completed,1/29/2024,1/11/2024
4932,Bonnie Lucero,Australia,Speaker,465.22,Returned,NULL,6/20/2024
4933,Stacey Brown,USA,Headphones,364.25,Active,NULL,10/28/2023
4934,Gabriel Vasquez,China,Mouse,701.87,Active,NULL,10/29/2023
4935,Debra Hughes,USA,Tablet,548.09,Active,NULL,10/19/2023
4936,Candace Harris,Germany,Keyboard,265.97,Completed,12/6/2023,11/26/2023
4937,Stacey Brown,Germany,Headphones,655.42,Active,NULL,3/31/2024
4938,Debra Hughes,Germany,Monitor,794.97,Completed,7/18/2024,7/8/2024
4939,Sandra Henderson,Japan,Mouse,741.26,Completed,7/25/2024,7/7/2024
4940,Brandon Richards,Australia,Keyboard,877.16,Completed,6/16/2024,5/27/2024
4941,Jeffrey Sims,Germany,Tablet,620.12,Completed,8/11/2023,8/1/2023
4942,Jeffrey Sims,Canada,Smartphone,791.81,Completed,3/16/2024,3/14/2024
4943,Erin Arnold,China,Speaker,268.03,Completed,7/22/2024,7/7/2024
4944,Brandon Richards,Australia,Laptop,295.26,Completed,7/15/2023,6/25/2023
4945,Justin Bowman,Japan,Printer,756.88,Completed,10/7/2023,9/19/2023
4946,Catherine Roberts,Germany,Keyboard,755.27,Completed,2/19/2024,2/9/2024
4947,Gabriel Vasquez,USA,Webcam,653.39,Completed,2/7/2024,2/6/2024
4948,Kayla Banks,France,Keyboard,444.85,Completed,11/14/2023,11/8/2023
4949,Michelle Garrett,UK,Mouse,556.59,Active,NULL,7/22/2024
4950,Jessica White,China,Smartphone,977.62,Completed,10/27/2022,10/12/2022
4951,James Moore,Japan,Smartphone,372.01,Completed,3/20/2024,3/2/2024
4952,Laurie Figueroa,UK,Speaker,498.51,Completed,8/17/2023,8/9/2023
4953,Erin Arnold,Australia,Printer,867.12,Completed,2/11/2023,1/22/2023
4954,Jeffrey Sims,Germany,Speaker,223.63,Active,NULL,11/13/2023
4955,Bonnie Lucero,Australia,Mouse,348.44,Completed,2/11/2024,1/22/2024
4956,James Moore,UK,Keyboard,540.44,Completed,10/17/2022,10/9/2022
4957,Cynthia Herman,Canada,Printer,349.17,Active,NULL,3/19/2024
4958,Gabriel Vasquez,USA,Mouse,524.84,Completed,6/18/2023,6/17/2023
4959,Debra Hughes,Germany,Smartphone,359.79,Completed,4/25/2024,4/15/2024
4960,Catherine Roberts,Canada,Tablet,336.25,Completed,3/7/2024,3/5/2024
4961,Laurie Figueroa,USA,Headphones,670.6,Completed,8/11/2023,8/10/2023
4962,Cynthia Herman,USA,Keyboard,285.84,Completed,2/9/2023,2/8/2023
4963,Jeffrey Rivera,Germany,Printer,926.93,Completed,4/9/2024,3/30/2024
4964,Candace Harris,Japan,Webcam,615.37,Completed,11/29/2023,11/11/2023
4965,Brandon Richards,Australia,Webcam,828.57,Returned,8/11/2023,8/4/2023
4966,Kevin King,USA,Laptop,493.25,Completed,12/3/2022,12/2/2022
4967,Cynthia Herman,China,Smartphone,271.6,Completed,11/13/2023,10/29/2023
4968,Justin Bowman,Germany,Tablet,726.73,Returned,NULL,7/6/2023
4969,Stacey Brown,USA,Tablet,235.75,Returned,NULL,2/5/2023
4970,Kayla Banks,UK,Laptop,732.06,Returned,NULL,10/2/2022
4971,Debra Hughes,USA,Tablet,236.55,Completed,2/9/2024,2/8/2024
4972,Justin Bowman,Germany,Tablet,753.72,Active,NULL,3/13/2024
4973,Erin Arnold,France,Laptop,800.77,Completed,9/20/2022,9/14/2022
4974,Brandon Richards,Germany,Printer,591.36,Active,NULL,9/22/2023
4975,Jeffery Mills,Canada,Laptop,955.1,Completed,12/24/2023,12/22/2023
4976,Kayla Banks,Brazil,Laptop,985.09,Completed,2/14/2024,2/10/2024
4977,Jeffery Mills,USA,Keyboard,575.77,Active,NULL,5/17/2024
4978,James Moore,China,Keyboard,917.93,Returned,NULL,8/28/2023
4979,Bonnie Lucero,China,Mouse,110.27,Active,NULL,3/30/2024
4980,Jeffrey Rivera,Brazil,Tablet,127.69,Active,NULL,9/20/2023
4981,Gabriel Vasquez,China,Headphones,704.8,Active,NULL,9/12/2023
4982,Kevin King,Canada,Smartphone,937.09,Completed,8/26/2023,8/24/2023
4983,Debra Hughes,China,Laptop,540.86,Completed,10/21/2022,10/6/2022
4984,Laurie Figueroa,Japan,Laptop,893.29,Completed,4/27/2023,4/9/2023
4985,Jeffrey Sims,India,Mouse,429.36,Completed,5/22/2023,5/10/2023
4986,Jeffery Mills,India,Webcam,811.92,Completed,7/24/2024,7/12/2024
4987,Jeffery Mills,China,Tablet,455.02,Completed,2/17/2024,2/2/2024
4988,Jeffrey Rivera,Australia,Mouse,480.88,Completed,6/6/2023,5/17/2023
4989,Brandon Richards,USA,Headphones,610.62,Completed,10/1/2022,9/30/2022
4990,Laurie Figueroa,Germany,Smartphone,171.42,Completed,4/17/2023,4/7/2023
4991,Bonnie Lucero,Canada,Smartphone,821.65,Completed,8/21/2023,8/19/2023
4992,Jeffery Mills,China,Webcam,901.63,Completed,4/30/2023,4/15/2023
4993,Debra Hughes,UK,Laptop,701.27,Completed,6/24/2023,6/16/2023
4994,Jessica White,UK,Headphones,249.51,Active,NULL,3/13/2024
4995,Jeffrey Sims,UK,Webcam,847.23,Active,NULL,8/10/2023
4996,Laurie Figueroa,USA,Mouse,435.09,Active,NULL,11/6/2022
4997,Catherine Roberts,Brazil,Webcam,879.45,Active,NULL,11/11/2022
4998,Kevin King,USA,Laptop,867.61,Active,NULL,9/2/2023
4999,Sandra Henderson,UK,Webcam,401.11,Completed,11/2/2022,10/25/2022
5000,Stacey Brown,Canada,Headphones,482.11,Active,NULL,9/9/2023
